2692 4800
509 310 559 361 nn
584 308 826 361 unsaramma.
1148 294 1196 367 39

146 466 260 536 donec
276 463 395 558 palam
412 464 545 535 crimen
569 465 778 557 agnoverint
802 473 839 536 et
857 464 1079 558 resipuerint.
1132 461 1197 533 Iti·

145 582 227 652 dem
254 581 458 675 quicunque
481 579 538 650 vel
562 581 673 653 otiose
696 580 967 665 obambulando,
985 580 1042 651 vel
1067 580 1196 651 intem·

146 698 284 790 pestive
300 697 495 790 garriendo,
514 694 571 765 vel
596 716 642 764 ex
666 705 761 766 coetu
784 716 883 766 sacro
905 696 955 767 sic
978 695 1195 790 emigrando,

146 813 326 885 concionis
346 821 388 883 nt
411 820 637 904 contemptus
663 811 699 882 in
716 834 760 881 eo
778 810 835 884 vel
852 812 1110 884 concionatoris
1134 813 1196 884 de·

147 927 316 1022 prehendi
335 928 455 1021 possit,
474 927 529 997 vel
547 950 758 1020 quacunque
780 927 851 999 alia
868 929 1006 999 ratione
1022 927 1195 1021 populum

146 1046 188 1117 ad
207 1046 416 1118 concionem
439 1053 618 1115 attentum
640 1046 792 1117 scientes
815 1055 853 1116 et
876 1044 1036 1116 volentes
1058 1053 1195 1117 averte-

146 1166 229 1249 rint,
252 1172 318 1234 ant
339 1161 664 1249 interturbaverint,
687 1162 831 1234 meritas
856 1161 1059 1254 hujusmodi
1086 1161 1197 1234 scele-

147 1288 234 1351 rutae
251 1277 407 1350 levitatis
423 1301 544 1372 poenas
561 1277 707 1362 dabunt,
725 1287 763 1350 et
781 1278 949 1352 Ecclesiae
973 1280 1010 1350 in
1028 1302 1072 1352 eo
1094 1279 1196 1351 satis·

146 1397 289 1481 facient,
308 1397 402 1490 quod
422 1419 501 1468 eam
523 1394 606 1468 suo¹
629 1398 834 1489 pravissimo
852 1397 1018 1492 exemplo
1039 1397 1195 1470 offende-

148 1517 228 1586 rint.
1162 1524 1165 1530 '

557 1703 643 1710 -——.
665 1704 673 1709 .
679 1704 695 1711 ..
701 1705 791 1712 ..-.-.-

444 1877 512 1949 DE
540 1876 898 1951 MATRIMONIO.

402 2065 479 2151 Gap.
497 2089 521 2129 1.
544 2065 784 2130 Matrimonium
798 2063 876 2151 quid
886 2066 936 2130 eit.

184 2186 458 2259 Matrimonium
476 2198 532 2259 est
548 2188 729 2282 legitimus
746 2195 960 2271 contractus,
977 2194 1140 2259 mutuam
1157 2196 1196 2259 et

147 2314 357 2397 perpetuam
369 2306 434 2375 viri
452 2328 533 2377 cum
552 2305 697 2375 foemina
713 2306 997 2398 conjunctionem
1011 2304 1083 2376 Dei
1093 2306 1196 2397 jussu

147 2420 319 2492 inducens
343 2430 380 2493 et
405 2422 603 2516 perficiens,
623 2422 661 2491 iu
686 2443 756 2513 quo
782 2421 893 2492 tradit
917 2430 1067 2515 uterque
1092 2421 1197 2494 alteri

147 2544 362 2629 potestatem
379 2537 434 2608 sui
452 2537 617 2634 corporis,
636 2535 692 2607 vel
710 2537 754 2607 ad
772 2536 908 2631 prolem
926 2539 1196 2631 suscipiendam,

148 2651 202 2724 vel
220 2652 268 2723 nd
284 2653 534 2724 scortationem
553 2654 767 2737 evitandam,
785 2653 842 2725 vel
865 2656 910 2725 ad
928 2656 1038 2727 vitam
1062 2658 1197 2729 mutuis

146 2769 270 2841 officiis
285 2771 561 2864 gubernandam.
611 2769 693 2842 Nec
711 2767 812 2842 ullis²
834 2773 1012 2864 promissis
1034 2784 1097 2845 aut
1114 2798 1198 2846 con-

147 2886 319 2958 tractibus
343 2887 609 2958 matrimonium
634 2887 782 2981 posthac
808 2889 997 2980 proccdere
1022 2890 1196 2976 volumus,

147 3014 376 3096 quotcunque
402 3004 517 3076 verbis
543 3013 580 3075 et
601 3005 870 3097 'quibuscunque
896 3008 1197 3094 concurrentibus,

148 3121 214 3192 nisi
238 3122 347 3191 fuerit
364 3120 431 3191 bac
453 3119 606 3191 formula
622 3119 871 3206 celebratum³,
890 3146 997 3216 quam
1014 3125 1072 3196 hic
1089 3126 1197 3220 subji-

147 3239 311 3309 ciendam
327 3260 404 3310 esse
421 3240 632 3309 curavimus.

291 3438 369 3526 Gap.
387 3461 417 3504 2.
440 3440 680 3504 Matrimonium
694 3442 837 3527 quomodo
851 3443 1058 3508 contrahatur.

184 3564 375 3657 Principio,
390 3568 448 3658 qui
464 3567 628 3636 minister
641 3575 696 3638 est
711 3566 893 3652 Ecclesiae,
907 3568 1021 3640 tribus
1035 3569 1197 3641 Domini·

147 3683 206 3766 cis,
228 3691 292 3755 aut
317 3680 443 3753 saitem
469 3683 582 3753 tribus
609 3682 707 3754 festis
734 3683 868 3768 diebus,
893 3684 1036 3778 publice
1061 3686 1198 3759 futuras

147 3801 289 3894 nuptias
306 3801 343 3870 in
361 3798 521 3872 Ecclesia
538 3798 670 3893 populo
688 3800 886 3873 denuntiet.
937 3801 1077 3874 Deinde
1094 3826 1197 3898 spon-

146 3940 204 3988 sus
233 3927 271 3988 et
296 3938 423 4009 sponsa
447 3939 486 3986 se
511 3917 627 4009 palam
654 3918 689 3987 in
715 3917 876 3990 Ecclesia
897 3918 1133 4005 collocabunt,
1159 3931 1199 3994 et

147 4056 264 4106 coram
284 4030 343 4103 ea⁴
369 4032 586 4104 ceremonias
609 4043 647 4104 et
671 4035 759 4105 ritus
783 4033 946 4119 obibunt,
964 4059 1045 4128 quae
1068 4046 1196 4108 nostrae

146 4152 190 4223 de
205 4151 312 4223 rebus
329 4151 454 4221 divinis
476 4152 679 4221 sanctiones
702 4152 738 4220 in
757 4151 825 4222 hoc
848 4175 979 4245 genere
1004 4153 1194 4246 postulant.

186 4335 274 4396 'suu
385 4337 486 4394 'Nem
502 4337 595 4396 nuliis.
701 4334 898 4396 ³ceiebratum
913 4358 963 4395 om.
1071 4336 1154 4397 ⁴eua.
