2692 4800
241 281 322 337 xxxii
420 278 509 336 REG.
532 277 733 335 EDOVARD.
757 277 873 334 SEXTI
895 274 1095 334 EPISTOLA.

241 441 393 517 tanquam
409 432 695 496 commissariorum
709 439 900 509 nostrorum,
912 432 1008 515 juxta
1021 430 1158 495 somnam
1172 432 1284 496 statuti

242 535 394 619 praedioti
411 533 604 618 conjunctim
620 533 883 598 nominandorum
898 532 1164 598 transmittamus.

287 636 333 701 Et
347 636 489 722 quamvis
504 658 558 699 vos
579 657 616 699 ea
636 635 793 700 modestia
814 643 849 700 et
870 635 1026 721 sapientia
1044 635 1200 718 praeditos
1220 658 1286 701 esse

243 740 367 816 seimus,
395 739 479 824 quod
502 761 581 802 onus
610 739 697 802 istud
722 738 862 802 humeris
887 737 1000 803 vestris
1029 738 1233 803 commissum
1255 747 1286 804 et

243 843 425 928 impositum
448 842 533 906 haud
554 841 643 927 parvi
665 864 735 906 esse
752 840 904 906 momenti
925 847 958 906 et
980 842 1129 927 ponderis
1152 841 1286 909 aestima

243 944 340 1018 bitis;
365 943 601 1008 considerantes
618 951 736 1021 tamen,
752 944 837 1029 quod
852 942 1049 1028 propositum
1063 950 1211 1009 nostrum
1225 966 1287 1008 uon

242 1052 292 1110 est
307 1045 393 1109 aliud
415 1066 510 1129 quam
527 1045 768 1130 praeparationis
788 1045 953 1130 eujusdam
969 1044 1076 1131 gretie
1098 1045 1188 1110 istud
1202 1068 1224 1111 a
1237 1067 1286 1109 vo

244 1148 293 1212 bis
315 1148 461 1213 effectum
482 1148 593 1223 reddi;
617 1148 665 1212 ita
682 1148 767 1233 quod
785 1149 888 1234 major
901 1169 1051 1212 numerus
1067 1149 1111 1213 ad
1130 1149 1287 1215 consulte·

244 1252 363 1316 tionem
386 1258 419 1315 et
440 1251 666 1336 perfectionem
687 1251 828 1335 ejusdem
850 1251 952 1337 magis
973 1259 1062 1317 oerto
1084 1258 1119 1316 et
1142 1252 1288 1318 ordinate

243 1353 414 1437 procedere
430 1353 543 1428 valeat,
558 1352 709 1417 oertiores
724 1375 779 1417 vos
794 1374 861 1418 esse
877 1353 1028 1432 volumus,
1045 1355 1131 1438 quod
1147 1353 1288 1419 artiones

244 1462 278 1519 et
295 1454 403 1521 studia
416 1463 522 1520 vestre
536 1456 569 1518 in
584 1456 644 1520 hae
659 1462 752 1540 parte
774 1478 846 1519 eum
865 1463 960 1520 erunt
981 1455 1073 1519 nobis
1094 1455 1286 1542 gratisama,

242 1565 312 1621 tum
329 1563 438 1621 autem
457 1557 681 1644 benignissima
702 1564 736 1622 et
759 1558 895 1622 maxime
914 1558 1078 1624 favorabili
1098 1558 1288 1645 interprete

242 1659 330 1723 tione
344 1667 486 1746 aoeepta.

287 1762 333 1826 Et
360 1771 517 1848 praeterea
541 1763 693 1840 volumus,
720 1763 806 1848 quod
835 1763 946 1828 statim
975 1770 1050 1849 post
1074 1763 1288 1850 reoeptionem

243 1866 447 1950 praesentium
469 1888 532 1930 una
554 1865 756 1944 conveniatis,
773 1873 807 1930 et
825 1867 885 1931 hae
900 1867 983 1930 inre
1004 1866 1170 1932 eeleritate
1184 1875 1220 1932 et
1237 1890 1287 1933 ex·

242 1968 403 2052 peditioue
417 1991 456 2033 ea
473 1968 615 2047 utamini,
632 1990 727 2053 quam
746 1990 843 2034 eausa
858 1969 1021 2054 exposuit:
1045 1969 1239 2034 mandantes
1256 1978 1288 2035 et

242 2071 355 2136 stricte
370 2071 588 2156 praeoipientss
603 2071 748 2135 omnibus
770 2079 804 2136 et
825 2071 956 2157 siugulis
979 2071 1132 2157 personis,
1154 2094 1287 2158 quarum

243 2173 372 2238 oonsilio
394 2172 553 2238 sententie
576 2185 606 2238 et
628 2196 688 2259 ope
707 2173 740 2236 in
754 2174 815 2238 hao
830 2182 922 2259 parte
937 2195 992 2239 vos
1015 2195 1096 2259 opus
1118 2173 1286 2253 habebitis,

243 2276 327 2360 quod
357 2275 402 2340 illi
427 2297 485 2360 per
507 2298 562 2339 vos
590 2275 735 2359 requisiti
763 2297 856 2360 opem
881 2282 1036 2362 praestent
1061 2275 1233 2341 consulant
1256 2283 1287 2341 et

238 2379 361 2463 juvent,
377 2377 642 2462 quemadmodum
656 2377 748 2441 nobis
763 2377 888 2462 plaeere
902 2377 1043 2461 eupiunt.
1084 2377 1123 2441 In
1138 2378 1231 2463 eujus
1244 2377 1286 2442 rei

242 2479 458 2544 testimonium
487 2480 546 2544 has
575 2480 687 2545 literas
716 2487 844 2545 nostras
872 2479 941 2543 fieri
968 2479 1099 2544 ieeimus
1128 2487 1285 2565 patentes.

243 2584 339 2647 Teste
361 2604 411 2646 me
432 2582 502 2668 ipso
524 2583 607 2668 apud
625 2582 763 2646 Westm.
783 2582 824 2645 xi.
844 2581 895 2646 die
918 2580 1069 2647 Novemb.
1092 2603 1178 2646 enno
1199 2583 1286 2670 regui

243 2685 326 2771 regis
341 2685 462 2770 quinto.

954 2905 1072 2960 Marton.

735 3049 786 3102 Per
799 3050 880 3119 ipsum
894 3049 996 3118 Repeto,
1009 3059 1034 3104 et
1046 3052 1077 3105 de
1088 3053 1153 3106 duta
1160 3055 1286 3124 predicte

842 3137 999 3191 authoritate
1011 3139 1182 3195 Partamentr'.
