2692 4800
506 312 551 364 nr
576 313 624 365 nn
648 311 837 362 rumonus.
1119 293 1192 367 295

144 475 201 539 est
217 489 372 537 errorem
386 475 449 538 aut
466 467 627 559 fraudem
638 467 770 558 judicis
787 465 955 560 legitimis
971 465 1192 537 documentis

145 581 328 665 declarari,
354 592 395 654 ut
418 604 534 666 causa,
559 590 704 675 propter
731 605 837 673 quam
864 582 1093 653 contenditur
1117 602 1194 651 ease

145 697 271 783 nulla¹‚
297 699 359 771 liat
384 699 581 771 manifesta.
633 698 683 768 Et
707 694 928 791 probandum
954 699 1032 779 erit,
1054 699 1084 768 ai
1109 698 1193 790 quid

145 839 280 899 eorum,
311 839 388 910 qnae
418 817 462 887 ad
497 816 736 910 cognitionem
771 814 969 909 legitimam
999 815 1194 886 necessario

146 930 382 1021 requiruntur,
400 953 422 1001 a
435 931 558 1022 judice
579 929 783 1024 neglectum
801 929 918 1013 fuerit,
936 939 977 1000 ut
1000 931 1030 1001 si
1047 927 1194 1001 omisaa²

147 1048 193 1118 sit
217 1048 342 1119 citatio
365 1048 531 1142 partium,
548 1055 611 1117 aut
635 1069 705 1116 uon
729 1045 869 1118 oblatus
894 1045 1045 1130 libellus,
1062 1055 1127 1118 aut
1151 1046 1195 1120 lis

147 1187 218 1235 non
245 1173 456 1247 contestata,
481 1171 545 1235 aut
570 1164 615 1234 de
642 1161 820 1233 calumnia
845 1185 915 1232 non
934 1164 1108 1255 juratum,
1130 1172 1194 1235 aut

147 1282 326 1352 sententia
348 1281 483 1351 nonsit
504 1278 578 1350 lata
597 1280 790 1350 secundum
814 1278 1008 1373 legitimam
1031 1279 1194 1362 formam,

148 1418 227 1487 quoe
250 1418 356 1488 supra
379 1406 434 1467 est
459 1396 646 1489 descripta,
664 1405 750 1467 tunc
776 1418 819 1465 ee
843 1395 951 1468 debet
978 1395 1047 1465 dici
1073 1394 1192 1466 nulla:
1208 1415 1268 1483 139

148 1513 232 1604 quia
254 1535 297 1582 ea
315 1511 533 1603 judiciorum
550 1519 648 1581 recte
665 1511 992 1581 constituendorum
1011 1535 1115 1583 causa
1132 1513 1195 1584 ob·

148 1629 279 1701 servari
295 1628 479 1721 jubentur,
498 1636 540 1698 ut
558 1628 673 1720 judex
692 1636 790 1698 recte
812 1636 849 1698 et
867 1628 990 1699 ordine
1008 1631 1194 1720 pervenire

148 1745 185 1817 in
203 1768 317 1817 causae
334 1745 499 1815 notitiam
518 1745 638 1838 possit.

198 1862 349 1948 Quoties
365 1885 449 1932 vero
472 1861 585 1954 exigit
602 1881 713 1942 casus,
730 1867 772 1928 ut
793 1859 837 1929 de
863 1857 1030 1929 nullitate
1055 1870 1196 1931 senten-

148 1977 208 2048 tiae
227 1979 491 2070 pronunciatur,
510 1999 578 2047 non
603 1976 698 2071 apud
723 1973 832 2047 alium
853 1975 1014 2067 judicem
1040 1979 1195 2070 superio-

147 2115 234 2175 rem,
252 2095 343 2165 sicut
364 2095 401 2164 in
426 2091 734 2187 appellationibus,
751 2092 812 2163 sed
834 2093 928 2184 apud
950 2093 1115 2175 eundem,
1133 2097 1195 2186 qui

147 2209 193 2281 de
210 2231 316 2280 causa
331 2208 513 2302 principali
525 2209 712 2301 judicavit,
730 2231 834 2280 causa
851 2209 989 2303 agenda
1005 2218 1069 2280 est.
1122 2209 1195 2282 Sed

147 2323 216 2397 hoc
242 2333 329 2395 tunc
353 2323 468 2395 solnm
495 2325 545 2408 fit,
572 2325 713 2415 quando
743 2347 861 2395 coram
887 2324 1064 2395 ordinario
1090 2347 1196 2398 causa

147 2442 281 2535 agitata
293 2450 359 2524 est,
372 2464 442 2511 non
460 2464 542 2511 cum
559 2441 653 2533 apud
672 2441 876 2534 delegatum
888 2441 1059 2534 judicem.
1099 2441 1195 2514 Nam

148 2557 225 2650 ejus
242 2556 444 2650 jurisdictio
465 2557 696 2651 extinguitur,
715 2580 797 2627 cum
818 2556 863 2627 ab
880 2579 923 2627 eo
946 2557 1039 2629 male
1057 2561 1197 2652 judica·

147 2681 226 2741 tum
252 2679 308 2742 est
333 2671 449 2763 quoad
475 2672 688 2742 sententiam
716 2671 955 2757 definitivem3
985 2683 1023 2744 et
1040 2672 1126 2745 nec³
1143 2675 1196 2744 in-

148 2785 440 2878 terloquntoriam
466 2811 630 2860 revocare
656 2797 784 2880 potest,
802 2812 920 2882 neque
937 2800 1081 2883 pmpter
1097 2788 1195 2862 illam

148 2903 263 2974 officio
286 2926 349 2974 suo
372 2912 427 2974 est
448 2904 603 2975 functus.
655 2903 793 2975 Verum
812 2907 840 2976 si
858 2905 1039 2976 definitiva
1055 2915 1197 2977 senten-

148 3022 199 3092 tia
223 3020 316 3091 male
335 3021 519 3113 judicavit,
537 3031 655 3116 potest
680 3021 725 3093 ab
751 3046 794 3094 eo
817 3024 863 3095 ad
884 3024 1109 3118 delegantem
1136 3047 1197 3117 ap·

148 3136 283 3230 pellani,
309 3161 351 3208 ac
376 3139 461 3229 peti,
488 3146 529 3209 nt
554 3147 617 3208 aut
643 3140 717 3230 ipse
744 3162 885 3211 causam
911 3149 1110 3234 cognoscat,
1134 3148 1197 3211 aut

148 3252 251 3325 alteri
268 3277 347 3326 eam
366 3255 647 3348 cognoscendam
665 3254 867 3327 demandet.

281 3460 359 3548 Gap.
375 3481 425 3547 13.
448 3458 631 3526 Subsidium
646 3462 885 3552 impugnationis
898 3465 1061 3530 sommam.

197 3609 389 3703 Reliquum
406 3620 461 3681 est
480 3620 520 3680 ut
538 3611 583 3681 de
600 3611 756 3682 subsidio
780 3610 1029 3704 impugnandae
1054 3617 1197 3680 seuten-

149 3727 205 3798 tiae
231 3726 363 3818 aliquid
392 3727 631 3808 decernamus,
656 3726 751 3818 quod
781 3725 852 3796 huc
876 3725 1017 3796 videtur
1042 3724 1196 3796 referen-

148 3843 245 3924 dum,
263 3864 391 3935 nempe
408 3840 552 3933 querela
574 3841 663 3912 falsi.
716 3840 813 3912 Nam
831 3850 870 3912 et
887 3838 976 3911 illud
998 3839 1195 3910 subsidium

147 3957 359 4052 generaliter
384 3957 546 4029 omnibus
576 3959 759 4050 competit,
785 3958 846 4048 qui
873 3957 1040 4028 falsorum
1066 3956 1196 4025 instru-

148 4083 349 4148 mentorum
375 4084 438 4146 aut
461 4076 604 4146 testium
628 4073 846 4146 authoritate
873 4083 910 4144 et
935 4072 1195 4152 subornatione,

148 4191 332 4284 sejudicio
350 4192 575 4264 succubuisse
593 4191 779 4263 ostendere
797 4199 952 4283 possunt.
1005 4187 1045 4258 Si
1063 4187 1100 4258 in
1117 4210 1195 4280 per·

272 4338 280 4378 ¹
296 4353 358 4392 esse
373 4333 449 4391 nullu
463 4354 515 4390 oar.
660 4326 673 4365 ²
686 4332 799 4389 emissa.
936 4330 949 4367 ³
963 4337 991 4387 et
1005 4349 1073 4387 non.
