2692 4800
136 246 208 319 264
442 265 491 317 un
516 264 877 317 rnnscmmomnus.
1231 270 1244 321 t

134 421 302 503 tinentur,
319 428 357 491 et
377 419 507 502 furiosi,
525 419 652 514 quibus
674 420 782 491 etiam
801 419 1014 491 adnumeres
1034 442 1176 493 exeom-

133 537 352 620 municatos;
387 560 469 609 nam
493 538 577 607 dum
603 538 654 607 ita
678 544 773 622 sunt,
797 559 869 607 non
895 536 1090 610 audiuntur
1113 560 1177 611 sua

133 662 344 748 repetentes.
394 653 652 747 Praeseriptioni
673 654 869 747 oonjunotoe
890 677 974 725 enm
990 654 1084 727 bona
1108 654 1176 728 fide

132 795 238 843 nemo
271 795 334 865 per
367 794 469 842 suum
504 780 647 864 pactum
677 779 796 864 potest
828 773 1060 859 renunciare3
1095 796 1173 845 oum
1193 796 1241 865 ¹25

131 887 345 981 praescriptio
368 886 414 956 sit
434 894 577 979 propter
599 884 731 956 bouum
752 886 935 980 publicum
958 889 1116 975 inventa,
1133 914 1176 963 ne

132 1002 267 1075 scilieet
288 1002 444 1079 dominia
465 1024 581 1072 renim
602 1001 674 1072 sint
692 1003 837 1089 ineerta,
853 1013 893 1075 et
907 1005 971 1098 jus
993 1006 1176 1101 publicum

131 1130 237 1214 paeto
263 1121 477 1213 privatorum
503 1141 574 1189 non
601 1120 812 1192 remittatur.
866 1118 927 1193 Ad
955 1124 1179 1216 proscriben-

131 1239 218 1308 dum
243 1237 280 1307 in
307 1236 411 1307 rebus
437 1233 711 1328 incorporalibus
719 1248 742 1319 ¹,
767 1246 809 1307 ut
834 1247 889 1308 est
913 1239 1069 1311 servitus
1094 1263 1178 1335 pras-

132 1355 191 1437 dii,
211 1354 421 1447 jurisdictio,
444 1361 482 1422 et
506 1350 709 1435 consimilia,
732 1375 804 1423 non
829 1355 1020 1447 requiritur
1045 1380 1177 1451 pomes·

132 1471 194 1554 sio,
215 1470 276 1541 sed
302 1470 449 1541 scientia
474 1478 512 1539 et
537 1469 709 1562 patientia
732 1469 930 1540 adversarii.
983 1471 1177 1544 Interrum-

131 1589 228 1681 pitur
261 1610 402 1679 quoque
435 1587 653 1679 praesoriptio
687 1609 732 1657 ne
766 1598 893 1668 currat,
922 1593 1177 1682 protestatione

132 1728 249 1777 coram
261 1704 393 1797 jndice,
413 1702 468 1774 vel
491 1704 519 1774 si
544 1703 619 1796 ejus
641 1704 742 1797 copia
764 1726 835 1774 uon
858 1704 921 1776 fiat
940 1730 1062 1779 coram
1081 1720 1178 1782 uota·

132 1819 184 1889 rio
210 1827 247 1888 et
269 1816 443 1900 testibus3
473 1839 544 1908 qno
564 1818 826 1909 protestationis
847 1842 978 1914 genere
1004 1824 1178 1919 principes

132 1935 226 2005 inter
254 1956 292 2004 se
325 1941 477 2003 utuntur
503 1933 549 2004 ad
579 1932 838 2024 impediendam
867 1939 1178 2031 proscriptionem,

132 2074 211 2122 oum
238 2072 312 2121 sese
335 2072 405 2119 non
428 2050 564 2142 possint
589 2050 776 2121 convenire
802 2050 1022 2144 subjudice,
1045 2058 1108 2150 qui
1133 2059 1179 2129 sit

132 2167 272 2259 utrique
288 2166 378 2260 parti
398 2166 603 2237 eommunis.

183 2284 315 2368 Quiete
332 2283 462 2355 dicitur
481 2283 559 2375 quis
579 2284 765 2375 possidere,
784 2286 923 2376 quando
945 2310 1016 2358 nou
1036 2303 1182 2363 vocatur

132 2403 336 2496 injudicio,
366 2403 500 2471 sincere
530 2407 660 2484 autem,
691 2403 831 2494 qnando
862 2427 944 2475 oum
974 2406 1069 2479 bona
1098 2409 1179 2482 lide.

132 2518 234 2589 Bona
260 2526 380 2589 autem
409 2517 496 2588 fides
523 2518 559 2587 in
585 2517 693 2588 dubio
718 2521 951 2612 praesumitur,
973 2530 1012 2592 et
1037 2527 1180 2617 quando

132 2661 203 2707 non
220 2637 370 2707 habetur
393 2635 521 2707 notitia
542 2636 590 2705 rei
610 2633 743 2706 alienae.
787 2635 888 2707 Mala
905 2659 987 2708 vero
1013 2643 1182 2732 probatur

133 2755 235 2824 variis
258 2753 393 2835 modis3
420 2752 532 2844 primo
551 2773 613 2843 per
637 2751 889 2821 confessionem
908 2754 1085 2845 propriam
1103 2781 1183 2850 pos-

133 2870 301 2952 sidentis3
339 2868 492 2939 secundo
518 2890 581 2959 per
611 2866 739 2937 famam
766 2891 843 2960 quae
866 2877 941 2939 erat
966 2870 1003 2939 in
1029 2873 1183 2956 vicinia3

134 2986 239 3055 tertio
262 3008 323 3078 per
346 2984 653 3054 denunciationem
682 2984 811 3054 laetam
838 2994 997 3076 tempore
1021 2998 1182 3061 contrae-

134 3115 211 3186 tus3
238 3103 390 3193 denique
407 3125 470 3194 per
491 3102 686 3172 incidentes
708 3101 936 3192 conjecturas,
955 3106 1038 3175 etsi
1057 3117 1182 3178 contra

126 3220 187 3309 jus
211 3219 278 3289 fuit
295 3218 475 3309 acquisita,
494 3228 530 3287 et
552 3241 623 3285 non
640 3217 826 3288 observata
842 3217 932 3307 juris
955 3217 1180 3291 solennitate.

135 3336 355 3425 Praescriptio
376 3344 497 3404 contra
519 3334 611 3403 bona
630 3332 785 3403 eeclesiae
809 3332 864 3402 vel
885 3335 943 3425 pia
967 3333 1085 3428 legata
1110 3362 1180 3407 non

134 3451 241 3522 currit
265 3451 380 3520 minor
405 3451 687 3544 quadragenaria,
705 3460 785 3542 post
808 3473 913 3542 quam
938 3448 1092 3543 elapsam
1120 3478 1181 3547 po·

135 3578 205 3638 test
231 3567 379 3638 ecclesia
408 3570 443 3636 in
471 3569 647 3660 integrum
675 3568 835 3637 restitui:
871 3569 898 3637 si
931 3576 1050 3638 tamen
1082 3574 1182 3641 resti·

134 3685 226 3754 tutio
255 3684 348 3753 intra
377 3684 645 3776 quadriennium
676 3684 789 3777 petita
817 3683 950 3767 fuerit;
988 3707 1069 3755 nam
1102 3699 1181 3780 post

133 3800 201 3871 lroo
225 3808 364 3891 tempus
390 3822 459 3868 non
486 3799 659 3870 audietur.
713 3796 814 3868 Mala
838 3798 926 3867 fides
952 3800 1181 3892 prascriptio-

134 3939 213 3984 nem
254 3915 414 4007 impedit,
446 3916 646 4008 priusquam
683 3915 853 3985 terminus
893 3915 968 4006 ejus
1008 3913 1179 3986 elabatur.

135 4031 205 4102 At²
229 4055 308 4102 cum
337 4033 491 4124 perfecta
518 4032 623 4101 fuerit
649 4032 870 4124 praescriptio,
890 4031 1017 4102 borram
1046 4032 1178 4103 habens

135 4150 238 4221 fidem
265 4149 498 4241 conjunctam,
518 4150 544 4219 si
571 4160 692 4243 postea
717 4174 769 4220 res
797 4150 994 4242 praescripta
1018 4162 1178 4221 noscatur

395 4300 404 4343 l
422 4302 621 4377 corporalibus.
834 4298 915 4358 2Ac.
