2692 4800
159 240 206 306 48
270 255 319 306 DE
343 256 528 308 susumus
553 257 593 307 IN
618 258 851 311 unnulttorrto
876 258 1098 312 rnonlsrrts.
1223 264 1261 317 0..

156 440 305 511 quarum
319 442 390 488 uno
406 427 460 488 est
478 420 590 510 utqui
609 418 677 490 ioci
692 420 773 489 viris
790 419 1049 506 attribuuntur,
1062 423 1206 496 eosdem

156 534 306 604 sciamus
332 535 484 606 foeminis
514 536 692 630 assignari,
719 535 860 628 poribus
889 556 1032 630 semper
1062 562 1206 634 propor-

155 651 290 720 tionum
311 661 348 721 et
365 652 669 744 propinquitatum
687 651 864 745 gradibus.
899 651 1070 726 Seournis
1086 656 1206 751 regulo

154 778 220 850 est,
238 777 279 837 ut
302 768 354 836 vir
377 779 414 837 et
438 790 528 838 uxor
550 790 656 838 unam
674 783 712 838 et
729 769 878 840 eundem
896 769 991 841 inter
1005 793 1047 842 se
1064 794 1204 846 curnem

156 883 284 955 babere
305 885 563 966 existimentur,
582 894 619 953 et
643 886 694 954 its
717 907 786 975 quo
810 885 961 976 quisque
983 886 1099 980 gradu
1124 911 1204 960 eou-

154 1001 400 1094 sanguinitatis
411 999 1202 1094 quemquamcontingit‚eodemejus¹uxorem

154 1118 337 1211 continget
360 1115 540 1186 affinitatis
557 1116 678 1209 gradu,
696 1116 791 1208 quod
809 1117 916 1187 etium
934 1119 971 1187 in
990 1122 1200 1193 eontrarium

154 1242 290 1326 partem
314 1234 438 1302 eodem
459 1233 595 1303 rstioue
616 1230 720 1302 valet.
774 1230 823 1303 Et
845 1233 922 1303 istis
939 1232 1073 1305 finibus
1091 1235 1123 1307 si
1141 1259 1200 1309 nos

154 1349 363 1431 tenebimus,
377 1348 495 1441 piures
512 1371 580 1418 non
596 1348 803 1419 inducemus
821 1348 1025 1444 illegitimus
1038 1372 1199 1444 personas

152 1486 258 1555 quam
287 1486 391 1533 sserae
417 1463 607 1556 scripture
633 1464 867 1547 constituunt,
896 1473 934 1535 et
963 1463 1045 1536 illos
1074 1467 1198 1560 gradus

152 1579 309 1671 integros
326 1586 362 1648 et
386 1577 572 1648 inviolatos
589 1578 873 1650 conservabimus
890 1578 936 1649 de
953 1581 1086 1670 quibus
1103 1580 1197 1652 nobis

154 1693 253 1765 Deus
271 1694 446 1786 proecepit.

174 1863 251 1948 Cup.
268 1883 301 1948 5.
325 1862 525 1927 maturatio
536 1884 736 1948 personamus
750 1866 785 1928 in
799 1865 935 1929 Levitico
942 1864 1184 1951 prohibitorum.

203 1971 245 2041 In
267 1971 426 2043 Levitico
451 1973 627 2065 dispositae
649 1995 808 2065 personae
831 1976 986 2044 citantur
1006 1975 1062 2045 his
1086 1978 1200 2047 nomi-

152 2088 266 2172 nibus,
279 2099 404 2173 mater,
419 2111 579 2171 noverea,
593 2111 699 2169 soror,
712 2090 785 2161 filia
802 2090 874 2173 iiiii,
888 2090 962 2161 filis
974 2088 1065 2175 filius,
1079 2093 1200 2171 omits,

150 2214 349 2287 matertera,
364 2228 454 2276 uxor
465 2206 592 2297 patrui,
606 2228 725 2288 nurus,
739 2230 830 2276 uxor
842 2207 968 2288 frutris,
982 2205 1056 2279 filia
1068 2211 1206 2290 uxoris.

150 2320 222 2391 tilia
238 2320 301 2391 iiiii
326 2322 456 2403 uxoris,
473 2320 546 2390 fiiis
563 2320 643 2391 filie
666 2323 795 2401 uxoris,
814 2343 911 2390 soror
926 2322 1061 2393 uxoris.
1113 2322 1226 2395 Por·-

148 2460 244 2507 sonae
280 2460 361 2506 vero
396 2460 482 2530 quas
515 2438 753 2530 praetermittit
790 2437 970 2508 Levitieus
1005 2438 1059 2508 hae
1093 2451 1221 2510 suut:

149 2575 277 2635 socrus,
294 2554 382 2634 avis,
397 2563 434 2621 et
452 2576 528 2643 quse
546 2574 650 2645 supra
667 2550 764 2623 eam²
781 2564 863 2623 sunt
881 2553 1017 2624 directa
1030 2555 1097 2637 viu,
1111 2578 1261 2647 quo-2

148 2671 243 2740 niam
267 2692 390 2740 omnes
413 2669 614 2762 hujusmodi
639 2678 792 2739 matrum
815 2668 893 2739 loco
915 2669 1017 2740 nobis
1043 2692 1121 2740 esse
1147 2672 1261 2739 rias

148 2787 287 2857 dentur.
343 2785 388 2854 Et
412 2808 456 2853 ex
481 2783 591 2854 altera
614 2795 714 2877 parte
737 2785 809 2856 filia
832 2785 1023 2878 proneptis,
1042 2793 1080 2855 et
1103 2808 1261 2877 quor-a

147 2927 286 2995 cunque
309 2902 400 2971 infra
422 2912 504 2971 suut
528 2912 565 2969 et
587 2923 633 2969 ex
655 2899 723 2970 illis
747 2911 997 2993 procreantur3
1023 2924 1045 2971 s
1069 2902 1261 2993 quibusa

146 3021 310 3112 quoniam
323 3018 472 3088 filiarum
488 3017 755 3086 similitudinem
770 3013 931 3099 habent-³,
941 3038 1006 3086 nos
1018 3016 1194 3088 abstinere
1205 3032 1261 3075 -4

146 3138 326 3207 debemus.
380 3134 604 3226 Adjiciuutur
634 3132 750 3201 fratris
780 3131 862 3213 filia,
890 3133 1016 3202 sororis
1045 3132 1130 3217 filiu,
1157 3146 1194 3204 et
1245 3168 1261 3181 ι

145 3278 222 3346 quae
240 3262 336 3322 reeta
355 3251 447 3320 linea
461 3249 705 3320 descendendo
719 3271 764 3318 ex
783 3248 833 3318 eis
851 3257 1090 3340 procreantur,
1106 3274 1195 3320 uxor

146 3370 208 3439 tilii
232 3368 359 3449 frutriS,
378 3389 468 3436 uxor
491 3365 553 3434 iiiii
576 3365 712 3445 sororis,
737 3363 809 3433 filia
833 3364 949 3434 fratris
974 3367 1105 3446 uxoris,
1124 3366 1194 3436 iilis

145 3486 271 3555 sororis
284 3482 414 3568 uxoris,
429 3504 525 3551 soror
537 3482 646 3573 patris
658 3478 808 3561 uxoris⁴,
816 3502 914 3549 soror
926 3480 1050 3552 matris
1063 3484 1192 3564 uxoris,

145 3604 238 3673 filius
256 3600 364 3677 leviri,
378 3596 469 3667 filius
482 3597 598 3690 glorie,
613 3597 761 3666 maritus
774 3598 900 3666 sororis
914 3598 1033 3688 patris,
1047 3600 1192 3669 maritus

144 3718 270 3788 sororis
283 3715 415 3794 matris,
429 3715 575 3783 maritus
589 3713 668 3782 filio
683 3713 808 3795 fratris,
821 3712 914 3784 filius
924 3714 1088 3809 privigni,
1102 3715 1192 3786 filius

145 3836 322 3929 privignos.

208 4006 284 4090 Cup.
303 4007 332 4067 6.
361 4006 440 4073 Quoe
455 4001 676 4066 comiderando
690 4003 751 4065 sint
767 4000 799 4064 in
813 4001 970 4086 superiore
983 4001 1127 4087 cotnloyo.

195 4127 241 4197 Et
262 4127 296 4195 bi
321 4125 506 4217 superioris
531 4124 617 4218 legis
641 4125 834 4217 antegressi
858 4124 988 4217 gradus
1011 4122 1186 4216 duplicem

185 4277 191 4316 ¹
204 4279 261 4352 jun.
353 4282 421 4332 ²eu.
513 4271 671 4333 ³hubeunt.
763 4269 870 4331 4εοτον
884 4273 972 4349 putris
988 4274 1084 4331 uxoris
1098 4294 1147 4332 om.
