2692 4800
147 271 219 338 204
376 284 424 334 nn
449 283 591 335 orr1cro
616 283 661 333 sn
685 281 963 334 Jumsnrurrouu

146 442 217 511 duo
242 439 329 510 nihil
356 441 391 509 iu
418 461 524 510 causa
547 460 652 532 agere
669 436 832 511 valeant:
860 439 923 510 sed
946 439 977 510 si
996 437 1126 532 aliquis
1145 462 1189 512 ex

145 557 238 649 ipsis,
249 578 330 626 cum
347 555 467 647 possit,
480 552 635 626 noluerit
645 554 827 639 interesse,
839 560 928 626 tunc
945 555 1018 626 duo
1034 556 1073 626 in
1090 576 1191 627 causa

144 671 348 766 procedant,
375 669 459 741 licet
484 671 612 741 tertius
637 671 684 740 sit
708 671 910 765 arguendus
934 694 1001 765 pro
1026 694 1082 755 eo,
1100 670 1191 765 quod

144 787 354 856 mandatum
387 784 573 878 superioris
607 784 844 878 subterfugiat
877 793 941 856 aut
975 793 1191 858 contemnat.

146 900 247 973 Idem
274 924 415 994 quoqne
442 923 505 994 per
530 901 648 971 omnia
678 901 827 972 dicimus
856 901 1131 986 observandum,
1155 902 1191 973 in

145 1040 251 1089 causa
275 1040 353 1109 qnae
378 1016 615 1087 committitur
639 1016 788 1103 duobus,
813 1039 857 1089 eo
878 1015 1075 1110 apposito¹‚
1099 1018 1192 1090 utsi

55 1169 58 1175 ·
146 1133 251 1206 ambo
278 1135 448 1203 interesse
474 1131 707 1225 nequiverint,
739 1132 829 1204 alter
855 1132 1090 1205 nihilominus
1114 1156 1192 1206 exc-

146 1259 285 1343 quatur.

195 1364 402 1436 Jurisdiotio
432 1363 592 1457 pluribus
622 1364 785 1458 delegata
814 1365 890 1435 sine
921 1365 1141 1450 conditione,
1165 1365 1192 1435 si

146 1505 217 1552 non
235 1502 356 1550 omnes
372 1480 541 1549 interesse
559 1480 706 1571 possint,
726 1480 787 1571 qui
804 1476 947 1551 valent²
965 1480 1103 1563 adesse,
1119 1503 1194 1574 pro·

147 1597 297 1678 cedant;
324 1618 395 1665 uno
413 1617 536 1664 eorum
554 1604 695 1665 mortuo
713 1595 863 1687 expirat.

197 1712 237 1784 Si
263 1711 380 1805 plures
398 1711 538 1803 judices
561 1709 716 1805 delegati
741 1710 887 1794 fuerint,
903 1733 1029 1783 omnes
1055 1720 1195 1805 oportet

147 1829 235 1900 actis
261 1828 439 1909 interesse,
465 1825 532 1897 nisi
561 1847 767 1918 expressum
795 1825 842 1896 sit
870 1825 908 1895 in
935 1827 1195 1908 commissione,

147 1946 266 2036 aliquo
294 1941 351 2012 vel
376 1940 552 2033 aliquibus
582 1963 705 2011 eorum
732 1963 803 2011 non
833 1939 1034 2013 valentibus
1063 1943 1195 2025 adesse,

148 2058 301 2151 reliquos
335 2058 468 2128 debere
501 2058 538 2126 in
572 2078 677 2127 causa
709 2056 924 2148 procedere:
966 2079 1040 2148 quo
1075 2064 1196 2128 tamen

148 2197 241 2257 casu,
258 2173 394 2269 collega
420 2175 494 2245 sive
519 2171 663 2266 collegae
689 2171 822 2242 debent
843 2194 864 2242 a
883 2171 1029 2263 reliquis
1054 2173 1195 2266 requiri,

147 2314 191 2362 an
211 2286 365 2384 possint³
379 2312 425 2359 an
444 2287 555 2361 velint
572 2288 706 2359 adesse.

198 2408 301 2480 Licet
318 2406 503 2501 delegatus
520 2406 684 2477 ordinarii
702 2405 875 2476 inferioris
891 2428 913 2476 a
928 2405 1091 2500 principe
1115 2406 1197 2478 sub-

148 2523 311 2617 delegato
337 2546 407 2593 non
433 2522 552 2615 possit,
572 2530 691 2591 tamen
717 2543 824 2591 unam
849 2523 1017 2613 speeiem,
1033 2524 1109 2594 sive
1134 2522 1197 2594 ali·

148 2663 253 2731 quam
284 2648 422 2732 partem
456 2638 614 2730 ejusdem
649 2659 762 2709 oausae
795 2637 1023 2708 committere
1057 2639 1196 2710 licitum

148 2757 289 2827 existat.
353 2753 567 2847 Delegatum
595 2752 758 2823 ordinarii
788 2752 960 2824 inferioris
985 2776 1008 2824 a
1037 2755 1197 2849 principe

148 2873 191 2942 ad
224 2870 489 2940 universitatem
519 2890 704 2938 causarum
734 2866 965 2962 subdelegare
991 2892 1096 2963 posse
1126 2894 1197 2941 non

148 2988 340 3069 dubitatur,
358 3009 439 3056 cum
457 2985 652 3055 ordinarius
670 2993 708 3053 et
726 2982 909 3077 delegatus
926 2984 971 3054 ad
988 2986 1198 3058 universita-

149 3113 220 3175 tem
253 3125 436 3174 causarum
467 3103 502 3171 in
531 3102 613 3192 jure
647 3100 902 3193 propemodum
932 3101 1196 3174 assimulantur.

149 3219 354 3314 Delegatus,
385 3220 413 3288 si
444 3219 491 3288 sit
521 3218 566 3287 de
590 3215 840 3308 jurisdictione
870 3216 1078 3311 delegantis,
1109 3243 1198 3291 onus

148 3336 403 3406 commissionis
423 3335 460 3403 in
481 3355 518 3404 se
543 3334 719 3424 suscipere
737 3339 881 3403 tenetur
897 3333 963 3403 sub
986 3356 1092 3426 poena
1115 3360 1198 3408 con·

149 3460 317 3543 temptas.

198 3661 382 3726 lurisdictio
396 3661 525 3746 dolapod
539 3682 572 3724 rc
585 3662 705 3746 iratoque
719 3669 810 3725 coorto
825 3660 1000 3727 mamutio
1014 3662 1145 3747 ecpirut.

199 3799 344 3892 Siquis
373 3823 411 3871 se
440 3808 570 3870 asserat
600 3822 675 3871 esse
706 3801 910 3895 delegatum
939 3801 1116 3895 principis,
1141 3801 1195 3873 vel

149 3940 229 3987 cum
254 3917 429 3987 mandatis
450 3917 594 3988 secretis
617 3918 772 3999 missum,
790 3918 903 3989 sciant
924 3940 1047 3988 omnes
1073 3919 1117 4002 ei,
1136 3942 1194 3990 cu·

141 4033 341 4124 juscunque
358 4033 404 4101 sit
422 4034 615 4126 diguitatis,
635 4055 704 4102 non
726 4055 802 4103 esse
824 4031 1051 4113 credendum,
1071 4034 1137 4103 nisi
1160 4034 1193 4102 id

148 4148 283 4239 scriptis
310 4147 520 4238 probaverit.
574 4147 611 4217 Si
639 4147 821 4242 delegatus
848 4147 1133 4239 pronunciaverit
1157 4169 1192 4219 sc

312 4285 321 4329 ¹
339 4287 476 4361 opposito.
600 4285 749 4345 2voleant.
874 4283 1031 4361 3possuut.
