2692 4800
144 264 216 328 222
413 278 462 328 nn
478 278 700 329 normanno
717 279 929 331 cunnum.
1204 280 1229 330 n

166 537 243 622 Gap.
251 556 281 602 2.
301 538 418 615 rodae,
433 559 502 602 eum
510 539 651 624 fimum
666 541 712 604 ad
723 561 833 606 munus
846 540 1038 623 adetum,
1051 553 1174 631 praeut

443 640 657 725 juramentum
670 640 709 706 de
723 641 888 707 alumnia.

193 776 325 861 sodex,
347 776 432 849 lieet
462 777 508 848 de
537 778 715 849 calumnia
741 779 779 848 in
805 778 955 873 siugulis
984 780 1102 851 causis
1126 804 1193 851 nou

139 896 247 987 juret
282 904 403 965 tamen
442 894 511 964 hoo
537 894 734 987 juramenti
766 916 881 989 genus
914 895 1035 987 quoad
1075 918 1194 967 omues

144 1034 266 1082 oausas
290 1011 328 1080 in
353 1011 555 1082 universum
577 1033 599 1081 a
624 1032 663 1082 se
688 1012 890 1083 tractandas
913 1013 960 1083 ab
981 1013 1100 1097 initio,
1117 1037 1194 1084 eum

144 1129 290 1221 suscipit
300 1127 484 1219 judicandi
503 1149 642 1210 munus,
660 1138 825 1220 praestare
841 1128 963 1200 debet.

353 1333 431 1420 Gap.
444 1354 474 1419 3.
498 1335 612 1398 Forma
619 1334 791 1418 mamati
804 1334 979 1400 mummio.

195 1482 281 1552 Tam
308 1492 407 1552 actor
434 1504 541 1573 quam
566 1505 656 1564 reus,
683 1504 765 1553 oum
792 1482 838 1553 de
864 1481 1045 1553 calumnia
1062 1486 1196 1575 Jurant

146 1601 220 1671 haeo
248 1600 424 1692 praeoipue
455 1606 651 1670 testentur:
686 1621 724 1669 se
753 1608 877 1691 putare
900 1599 1040 1690 justam
1067 1599 1197 1672 habere

145 1738 297 1798 eausam,
314 1714 411 1786 nolle
434 1716 471 1785 in
487 1716 650 1786 universa
671 1717 811 1786 aotioue
829 1717 921 1808 (quae
937 1715 1200 1808 subsequutura

146 1832 216 1921 est)
243 1833 433 1924 quiequam
459 1830 678 1914 calumniari,
704 1830 825 1922 nilque
851 1831 997 1925 largitos
1023 1855 1112 1916 esse,
1138 1840 1199 1903 aut

146 1949 345 2043 largituros,
362 1956 426 2018 aut
450 1970 573 2041 perse
600 1955 663 2018 aut
686 1969 750 2040 per
772 1945 870 2026 alios,
886 1948 944 2017 vel
970 1947 1017 2018 od
1037 1948 1199 2041 judicem

148 2064 205 2138 vel
232 2064 278 2135 ad
307 2063 394 2135 alios
421 2064 706 2156 corrumpendos
730 2085 795 2155 per
821 2086 910 2154 quos
930 2064 1113 2156 judicium
1141 2064 1200 2136 ad·

147 2183 378 2264 ministratur,
404 2180 501 2252 nolle
527 2182 758 2275 tergiversari,
783 2188 847 2250 aut
872 2180 973 2251 dolos
1001 2182 1040 2250 in
1072 2181 1199 2274 proba·

149 2296 306 2367 tionibus
332 2303 485 2377 nectere,
513 2319 630 2388 neque
659 2292 847 2365 dilationes
877 2293 933 2364 vel
968 2296 1006 2364 in
1038 2295 1199 2366 fraudem

149 2413 347 2494 adversarii,
382 2413 438 2481 vel
473 2411 518 2482 ad
554 2411 827 2504 protrahendam
862 2409 962 2481 litem
997 2419 1136 2503 petere,
1165 2420 1201 2482 et

150 2530 304 2619 denique
333 2551 371 2598 se
400 2527 554 2597 fideliter
581 2550 657 2598 esse
687 2548 914 2618 responsuros
943 2526 1000 2596 his
1026 2528 1201 2609 omnibus,

151 2669 227 2737 qum
259 2647 293 2714 iu
322 2644 458 2736 judicio
493 2643 613 2731 (modo
649 2643 693 2713 ad
729 2664 869 2712 oausam
904 2643 1124 2736 pertineant)
1158 2643 1201 2714 ab

152 2763 235 2856 ipsis
256 2762 488 2854 requirentur.

421 2968 499 3054 (lap.
512 2990 543 3049 4.
564 2969 779 3032 Joramontem
793 2965 931 3030 malitioe.
1212 2986 1239 3029 rc

199 3106 302 3178 Licet
312 3107 557 3198 juramentum
576 3106 760 3176 calumniae
776 3105 886 3176 semel
904 3106 1071 3199 exigatur
1089 3106 1201 3199 quoad

154 3234 268 3296 totam
290 3246 431 3294 oausam
453 3231 534 3314 post
556 3220 628 3293 litis
645 3223 951 3304 contestationem,
970 3233 1132 3294 attamen
1147 3225 1199 3315 ju·

153 3351 352 3412 ramentum
385 3337 528 3408 malitiae
558 3338 595 3407 in
625 3338 789 3408 omnibus
818 3337 890 3408 litis
920 3340 1081 3431 partibus
1111 3339 1198 3432 exigi

154 3465 282 3551 potest,
308 3477 390 3525 oum
409 3453 523 3545 judici
550 3454 662 3523 visum
692 3454 811 3538 fuerit,
835 3476 950 3545 neque
976 3456 1196 3526 manifestum

155 3573 347 3665 perjurium
365 3571 521 3639 timetur.

252 3795 330 3881 Gap.
341 3816 373 3880 5.
404 3795 580 3859 Diserimmt
601 3796 682 3860 inter
697 3796 909 3879 juramentum
930 3793 1062 3859 molitio
1083 3807 1112 3860 ot

478 3899 689 3982 jerumanum
703 3898 877 3963 calumnie.

204 4037 455 4109 Juramentum
484 4038 630 4109 malitiae
656 4039 901 4130 ajuremento
927 4034 1113 4106 calumniae
1140 4034 1222 4104 hoe

156 4153 283 4236 differt,
318 4153 411 4244 quod
448 4153 514 4222 hoo
543 4153 786 4244 juramentum
821 4175 891 4222 non
927 4152 985 4239 (ut
1020 4150 1125 4243 illud)
1160 4145 1219 4218 ad

157 4279 269 4341 totam
304 4269 405 4340 litem
438 4269 600 4352 refertur,
635 4270 695 4339 sed
731 4269 774 4340 ad
810 4267 898 4338 illud
933 4278 1075 4338 tantum
1110 4261 1213 4360 quod
