2692 4800
146 243 218 316 168
436 261 485 313 nn
510 229 918 314 exconmunicanonn'

187 515 265 601 Cap.
274 533 305 599 3.
329 510 443 593 Quibus
458 513 492 577 in
506 511 607 577 ocutis
621 508 889 575 excommunicatio
901 509 987 575 dota
1001 507 1154 575 astitere

197 653 282 724 Non
313 653 421 724 debet
452 650 775 723 excommunicatio
803 651 950 722 minutis
983 650 1021 721 in
1058 648 1194 722 delictis

145 771 284 852 versari,
320 769 381 840 sed
413 769 456 838 ad
490 765 712 837 horribilium
746 765 935 837 criminum
967 765 1195 837 atrocitatem

145 884 366 956 admovenda
390 894 458 970 est,
486 886 522 954 in
547 882 675 974 quibus
702 881 851 952 ecclesia
875 881 1121 976 mommimam
1144 881 1196 951 in·

145 1000 289 1071 famiam
315 1001 476 1083 sustinet,
496 997 551 1068 vel
573 998 666 1089 quod
691 996 761 1066 illis
784 1005 965 1096 evertatur
986 994 1124 1090 religio,
1140 992 1196 1064 vel

145 1114 239 1206 quod
260 1113 344 1184 boni
366 1135 481 1183 mores
504 1120 765 1207 pervertuntur.
817 1110 920 1182 Illius
944 1119 1069 1182 antem
1090 1131 1199 1205 gene·

145 1230 192 1300 ris
217 1237 301 1300 sunt
322 1229 367 1298 de
389 1228 516 1320 quibus
535 1227 667 1298 Paulus
692 1228 789 1310 dicit,
806 1227 868 1321 qui
893 1224 980 1298 talia
1000 1227 1140 1299 faciunt
1161 1226 1198 1296 in

145 1367 295 1441 regnum
314 1342 382 1416 Dei
400 1367 471 1414 non
489 1345 699 1428 introibunt,
718 1343 773 1415 vel
792 1344 890 1439 regni
910 1342 979 1415 Dei
1001 1349 1198 1415 nonerunt

146 1462 310 1545 haeredes,
341 1461 396 1532 vel
428 1463 522 1554 quod
558 1469 702 1554 propter
735 1461 808 1530 baec
842 1462 942 1532 venit
973 1460 1027 1532 ira
1055 1459 1129 1532 Dei
1161 1460 1198 1530 in

146 1577 236 1648 filios
264 1576 475 1647 incredulos.
535 1576 623 1648 Haeo
653 1578 823 1648 immania
851 1578 1007 1649 facinora
1031 1574 1108 1648 telo
1138 1576 1199 1647 de·

147 1695 234 1766 bent
259 1695 638 1765 excommunicationis
659 1694 846 1788 confringi,
863 1704 904 1765 ut
928 1695 1097 1788 quisunt
1121 1692 1200 1764 illo·

147 1834 227 1880 rum
257 1811 319 1892 rei,
345 1811 381 1880 in
412 1809 481 1880 hoo
511 1809 722 1903 supplicium
751 1810 942 1893 incurrant,
964 1811 1033 1882 nisi
1058 1817 1200 1881 mature

147 1927 276 1997 bonam
302 1927 347 1997 ed
373 1926 511 2019 frugem
537 1948 576 1996 se
601 1927 852 2006 revocaverint,
874 1934 914 1996 et
938 1947 1020 1997 oum
1045 1948 1201 2021 arguun-

147 2051 217 2126 tur,
241 2066 279 2114 se
305 2043 351 2114 ab
380 2042 583 2135 hansmodi
610 2041 801 2113 sceleribus
826 2044 1089 2136 quamprimum
1115 2042 1201 2114 alie·

147 2169 244 2242 nent,
273 2183 314 2231 ao
342 2162 450 2231 etiem
481 2157 586 2251 plene
617 2157 729 2228 velint
756 2180 861 2230 omne
891 2160 1063 2230 damnum
1091 2158 1200 2242 luere,

148 2275 244 2368 quod
262 2273 411 2347 ecclesia
433 2275 470 2346 in
487 2272 629 2344 illomm
646 2274 800 2367 peccatis
817 2297 918 2369 passa
934 2284 1000 2348 est.
1053 2275 1200 2347 Etenim

148 2390 525 2463 excommunicationis
549 2390 722 2462 acerbitas
748 2413 930 2484 nunquam
953 2392 1117 2485 expromi
1140 2392 1202 2464 de·

147 2504 315 2588 bettrici
347 2528 428 2575 cum
457 2505 618 2577 homines
648 2507 684 2577 in
713 2506 904 2580 sceleribus
931 2509 1199 2580 obduruerunt:

149 2622 243 2713 quod
276 2623 412 2693 duobus
442 2621 557 2691 modis
587 2623 717 2705 evenit,
749 2623 805 2694 vel
836 2648 918 2695 cum
948 2649 970 2696 a
1000 2624 1201 2697 salubribus

148 2762 186 2809 se
206 2741 350 2810 monitis
373 2748 549 2821 avertunt,
567 2748 605 2809 et
628 2742 741 2809 vocati
765 2763 803 2811 se
826 2764 897 2811 non
919 2742 1126 2826 ostendunt,
1145 2742 1200 2813 vel

149 2856 176 2924 si
195 2865 320 2946 praesto
337 2855 408 2924 siut
425 2863 463 2923 et
473 2853 637 2944 judicum
655 2854 809 2926 decretis
829 2866 922 2926 stare
939 2856 1064 2927 nolint.

197 3091 273 3175 Cap.
284 3113 315 3172 4.
339 3090 642 3154 Exoommunioartda
652 3112 784 3174 persona
799 3089 878 3155 dedet
891 3101 961 3156 anta
974 3092 1154 3156 memmium

586 3193 756 3256 admoneri.

201 3333 333 3405 Nullus
353 3335 468 3425 judex
494 3334 862 3405 excommunicatione
887 3356 1100 3426 quemquam
1123 3358 1200 3426 per-

150 3450 273 3531 cutiet,
299 3450 366 3518 nisi
394 3448 503 3518 semel
533 3458 640 3540 atque
666 3449 807 3529 iterum,
833 3457 870 3516 et
896 3449 1002 3517 etiam
1031 3449 1151 3530 tertio,
1170 3448 1197 3517 si

150 3585 205 3633 res
228 3563 264 3633 id
281 3564 438 3655 requirit,
457 3562 556 3633 illum
574 3564 835 3654 praemonuerit,
853 3571 893 3631 ut
909 3585 947 3632 se
969 3563 1053 3654 ipse,
1072 3563 1101 3632 si
1123 3561 1199 3632 fieri

149 3687 280 3771 potest,
297 3681 509 3773 tempestive
533 3679 695 3773 corrigat.
738 3679 829 3748 Tum
848 3680 956 3748 etiam
977 3702 1038 3749 reo
1060 3687 1198 3748 certum

150 3803 290 3888 tempus
313 3797 357 3866 ad
376 3796 668 3867 deliberationem
685 3794 916 3886 relinquatur,
935 3795 971 3863 in
988 3816 1059 3886 quo
1077 3816 1197 3865 secum

150 3912 225 4004 ipse
255 3914 458 3993 constituat,
489 3920 609 3982 utrum
639 3913 731 3982 senia
761 3911 914 3981 consiliis
940 3911 1199 4002 obsequuturus

150 4030 207 4097 sit.
260 4027 331 4098 Sed
363 4029 423 4120 qui
453 4027 520 4097 rite
549 4028 657 4097 fuerit
688 4036 863 4108 evocatus,
890 4027 917 4096 si
945 4035 1107 4118 tempore
1136 4049 1197 4095 suo

150 4168 222 4216 non
249 4146 413 4226 adfuerit,
435 4144 539 4236 hujus
564 4146 758 4237 pertinacia
784 4146 904 4215 statim
932 4147 967 4214 in
994 4166 1198 4214 excommu-

151 4260 363 4330 nicationem
382 4259 523 4330 ineidat.
