2692 4800
143 270 216 337 208
377 286 426 336 nn
451 285 593 338 onmem
620 285 665 335 nn
686 283 966 336 Jusrsnrenoun

498 512 608 576 cam
623 511 829 578 recusationis.

194 641 326 725 Causae,
356 642 484 735 quibus
510 642 625 735 judex
658 644 808 714 recusari
839 651 970 737 potest,
1003 643 1186 738 permulta

143 768 247 830 sunt:
273 767 314 828 ut
337 758 367 828 si
390 780 554 828 recusans
572 780 655 828 cum
671 758 805 850 jndice,
822 767 994 852 tunquam
1015 781 1100 830 cum
1123 760 1189 853 pri·

145 883 237 958 vato,
256 897 395 946 causam
413 874 567 945 habeat:
593 873 621 943 si
635 875 750 966 judex
767 896 848 944 cum
866 875 1065 946 recusantis
1080 875 1190 970 digni·

144 1001 222 1063 tote
244 1014 385 1062 causam
402 990 556 1061 habeat:
580 991 608 1060 si
625 991 739 1082 judex
757 991 873 1061 noluit
889 986 1115 1063 recusantem
1132 992 1191 1063 atl-

144 1109 288 1178 mittere
305 1107 348 1177 ad
371 1105 531 1181 osculnm
548 1107 654 1199 pacis,
673 1106 729 1177 rel
746 1130 789 1178 ea
805 1106 974 1178 exhibere
990 1106 1045 1178 illi
1069 1108 1191 1189 officia,

144 1249 223 1318 quae
248 1225 291 1293 iis
315 1232 484 1316 praestare
504 1246 581 1293 mos
601 1233 666 1306 est,
683 1224 745 1315 qui
771 1233 855 1294 sunt
880 1225 974 1316 paris
998 1232 1064 1295 aut
1081 1225 1193 1296 oonsi-

145 1339 238 1411 milis
261 1341 412 1433 gradus:
437 1338 466 1410 si
483 1339 598 1432 judex
615 1341 771 1410 minatus
794 1341 902 1412 fuerit
924 1341 1028 1434 parti,
1045 1363 1086 1413 se
1102 1340 1194 1414 velle

144 1455 197 1526 illi
226 1479 363 1539 nocere,
389 1457 417 1526 si
444 1456 643 1548 praebentur
672 1457 829 1528 occasio:
868 1457 898 1526 si
924 1456 1083 1529 noluerit
1111 1480 1193 1529 eum

143 1571 309 1655 salutare,
326 1579 368 1640 ut
383 1579 489 1641 antea
503 1579 756 1642 consiisverct:
783 1572 811 1642 si
830 1559 945 1663 judex
967 1594 1052 1643 cum
1078 1572 1195 1643 inimi·

144 1689 195 1758 cis
225 1686 418 1757 recusantis
448 1688 654 1779 frequenter
679 1696 860 1759 versatur:
895 1688 924 1758 si
949 1696 1108 1759 mortem
1133 1697 1194 1760 eut

143 1805 265 1898 gravia
282 1803 410 1875 damna
432 1812 580 1875 conatus
605 1812 659 1875 est
683 1804 831 1875 inferre:
857 1805 887 1874 si
908 1806 1093 1876 accusavit
1112 1827 1192 1877 enm

145 1919 392 1991 criminaliter:
427 1921 455 1991 si
475 1920 589 2011 judex
616 1921 662 1989 sit
688 1920 852 1991 dominus
877 1922 988 2013 partis
1010 1920 1190 1993 adversae:

144 2039 173 2108 si
191 2039 238 2109 sit
255 2038 330 2129 ejus
348 2036 516 2108 vasallus:
542 2038 570 2107 si
597 2037 644 2106 sit
666 2037 742 2128 ejus
768 2036 1030 2131 suffraganeus:
1058 2038 1088 2108 si
1113 2062 1191 2110 con·

144 2155 377 2248 sanguineus:
404 2154 433 2223 si
458 2152 527 2222 fuit
549 2153 742 2224 advocatus
767 2153 876 2246 pertis
898 2154 1060 2226 adversae
1083 2155 1119 2224 in
1137 2177 1189 2225 ea·

145 2272 228 2341 dem
258 2291 384 2341 causa:
426 2270 455 2340 si
479 2269 593 2361 judex
623 2268 732 2340 habet
762 2292 843 2340 cnm
871 2269 942 2340 elio
971 2270 1185 2343 consimilem

144 2409 298 2458 causam.
350 2385 475 2456 Potest
492 2386 644 2477 denique
659 2387 775 2480 judex
792 2388 954 2469 recusuri,
972 2388 1001 2457 si
1019 2388 1131 2481 pertis
1145 2389 1185 2458 sit

145 2503 271 2584 socius,
292 2497 371 2570 aut¹
398 2501 666 2584 concanonicus,
690 2509 754 2572 sut
779 2501 808 2571 si
834 2502 939 2573 simul
962 2501 1116 2586 habitet,
1132 2512 1185 2574 aut

145 2617 175 2686 si
193 2617 301 2709 partis
319 2615 425 2684 fuerit
443 2614 576 2698 doctor,
595 2626 656 2687 eut
674 2617 889 2710 discipulus;
914 2626 952 2688 et
970 2619 999 2689 si
1019 2643 1099 2712 quse
1114 2619 1183 2691 aliae

146 2733 375 2802 inveniuntur
389 2754 501 2802 causae
519 2732 643 2802 harum
662 2733 803 2804 similes.

333 2931 366 2992 Α
375 2927 569 3012 pedicosum
583 2938 717 2994 recusato
726 2939 824 3013 potest
837 2930 1000 3016 appeHari.

196 3061 220 3130 J
223 3063 317 3131 udex
336 3070 528 3152 suspectus,
547 3062 606 3153 qui
625 3072 806 3132 recusatus
823 3063 931 3131 suerit
947 3063 1060 3154 juste,
1077 3087 1118 3134 ao
1139 3086 1183 3133 se·

147 3178 302 3248 cundum
329 3178 477 3246 formam
504 3187 702 3247 nostrarum
728 3176 859 3271 legum,
880 3180 907 3248 si
935 3181 1181 3251 recusationem

147 3316 217 3362 non
236 3292 427 3377 admiserit,
444 3291 489 3362 ab
507 3316 549 3362 eo
566 3292 775 3385 appelletur.

280 3489 453 3573 Episcopus
466 3509 526 3552 coc
541 3488 657 3575 delectat
671 3510 793 3553 coucam
808 3500 893 3554 cetra
908 3488 1060 3554 discam

199 3609 405 3682 Ordinarius
431 3636 500 3681 non
527 3612 669 3706 deleget
695 3636 816 3684 causas
840 3614 885 3684 ad
911 3636 949 3684 se
976 3615 1184 3706 pertinentes

148 3728 192 3797 ad
221 3727 337 3798 locum
366 3742 468 3800 extra
494 3731 670 3812 dioecesin,
699 3732 764 3801 nisi
795 3731 941 3801 fortasse
967 3739 1086 3823 partes
1115 3743 1182 3802 tum

148 3842 315 3932 temporis
334 3842 381 3910 ibi
400 3855 672 3912 commorentur.

281 4037 447 4122 Episcopos
460 4037 637 4122 mplipecws
649 4036 892 4125 archepiscopus
906 4039 1058 4125 corripiet.

199 4159 236 4229 si
272 4160 455 4252 episcopus
489 4160 596 4229 fuerit
630 4160 812 4254 negligens
846 4163 882 4230 in
917 4162 1184 4234 administranda

140 4276 295 4369 justitio,
329 4277 484 4369 pertinet
528 4277 571 4347 ad
615 4278 692 4367 ejus
734 4277 1036 4373 archiepiscopum
1075 4281 1183 4375 ipsum

609 4410 616 4449 ¹
633 4425 681 4473 aut
696 4416 729 4472 si.

23 4490 82 4504 Α
