2692 4800
462 306 511 358 nn
529 305 920 358 nxoorrnumcr'rross.
1134 292 1205 364 177

112 578 119 601 ‚
244 513 323 599 Oap.
339 517 389 578 16.
420 516 470 580 Do
485 516 544 579 reis
557 516 611 601 qui
625 517 729 580 none
743 519 919 581 sonantium
934 527 1119 602 occeperunt.

208 649 301 722 Cum
320 652 433 724 civilis
449 656 675 749 magistratus
691 655 817 746 aliquis
835 655 1025 748 flagitiosos
1045 655 1205 727 homines

160 766 275 838 adhuc
300 791 372 838 non
397 772 721 840 excommunicatos
747 772 1007 864 praeoccupant,
1028 772 1063 841 in
1090 794 1206 841 carce·

161 905 232 952 rem
259 883 460 966 abduxerit,
478 885 502 953 ii
526 885 554 954 si
574 895 655 978 post
677 887 888 957 sententiam
912 889 1035 958 mortis
1059 910 1205 979 accepe-

161 1000 238 1083 rint,
257 1009 296 1071 et
320 1022 383 1071 nos
409 997 478 1071 illis
501 1009 623 1094 postea
648 1005 915 1093 pepercerimus,
937 1001 1102 1072 nolumus
1126 1014 1203 1073 tum

160 1114 381 1210 indulgentia
418 1126 537 1186 nostra
572 1115 739 1188 Ecclesiae
774 1118 992 1210 disciplinam
1029 1120 1202 1212 impediri.

158 1221 277 1299 Judsx
296 1228 406 1322 igitur
426 1228 683 1300 ecclesiasticus
706 1230 784 1300 illos
807 1232 1053 1302 satisfactionis
1071 1245 1108 1303 et
1123 1235 1202 1305 reli-

157 1367 308 1436 quorum
321 1344 513 1416 officiorum
527 1348 841 1418 commonefaciat:
868 1371 947 1439 qnae
959 1350 988 1417 si
1003 1371 1073 1419 nou
1086 1352 1203 1420 omnia

101 1522 104 1528 .
156 1460 223 1532 rite
240 1461 435 1553 perficiant,
447 1464 822 1533 excommunicationis
840 1465 936 1556 virga
954 1465 1125 1557 tantisper
1141 1466 1202 1536 fla-

153 1573 345 1669 gellentur,
356 1578 469 1648 donec
486 1577 695 1648 salubriores
712 1579 942 1671 cogitationes
960 1581 1187 1672 susceperint

300 1729 447 1794 Fommla
462 1729 713 1794 monolintioois
728 1732 1056 1796 excommnicatorum

207 1855 367 1928 Primum
393 1857 568 1929 omnium¹
590 1883 633 1929 eo
654 1868 814 1951 tempore
838 1860 932 1951 qnod
957 1861 1002 1931 ab
1027 1863 1200 1932 ordinario

152 1973 392 2043 constitutum
405 1974 521 2056 ureris,
534 1997 612 2044 reus
630 1975 673 2044 ad
693 1974 877 2045 ecclesiam
895 1976 1065 2047 accedens
1082 2001 1201 2048 coram

152 2088 289 2159 foribus
318 2089 494 2171 subsistet,
521 2088 582 2159 illo
610 2112 748 2182 prorsus
777 2091 873 2160 omni
900 2093 1052 2183 corporis
1078 2093 1201 2164 habitu

151 2227 262 2296 quem
279 2204 459 2299 legitimus
475 2206 589 2298 judex
614 2206 813 2298 assignavit.
866 2205 990 2277 Pastor
1012 2217 1131 2278 autem
1154 2232 1200 2280 ex

151 2320 268 2392 altera
287 2331 387 2414 purte
405 2331 574 2402 occurret,
592 2343 633 2390 ac
651 2320 751 2389 illum
771 2322 806 2390 in
826 2320 1002 2392 ecclesiae²
1025 2323 1200 2415 frequenti

151 2446 248 2506 ooetu
276 2436 327 2508 sic
356 2436 530 2507 affabitur.
590 2445 610 2474 “
629 2435 746 2517 Visne,
776 2437 883 2506 frater
914 2436 962 2506 N.
994 2440 1029 2507 in
1057 2437 1200 2511 Christo
1211 2457 1250 2541 85

153 2551 369 2637 charissime,
387 2564 570 2646 peccatum
596 2576 714 2624 coram
738 2551 818 2623 Deo
844 2564 948 2624 tuum
972 2565 1010 2626 et
1033 2558 1069 2624 in
1096 2556 1200 2649 hujus

150 2665 308 2738 eeclesiae
333 2679 523 2760 conspectu
542 2669 700 2738 confiteri
719 2668 959 2762 detestarique
984 2673 1140 2754 taudem,
1158 2685 1200 2743 ut

152 2782 310 2851 animum
345 2781 584 2876 intelligamus
609 2807 630 2853 a
656 2786 840 2876 pravitate,
867 2808 936 2876 qua
970 2787 1065 2877 prius
1100 2796 1199 2859 tene-

152 2896 256 2980 baris,
273 2897 510 2969 abalienatum
531 2921 619 2979 esse,
638 2910 744 2993 teque
769 2911 811 2970 ut
833 2923 950 2970 rursus
973 2903 1018 2971 ad
1043 2902 1198 2974 ecclesia

152 3021 279 3083 nostre
302 3015 507 3084 societatem
525 3037 766 3108 aggregemus,
784 3039 805 3085 a
821 3039 891 3107 qua
911 3016 1006 3107 prius
1030 3018 1197 3111 singulari

151 3128 383 3217 perversitate
409 3138 471 3199 tua
496 3129 654 3200 revulsus
680 3129 787 3200 eras.''
812 3175 814 3179 >
843 3129 892 3200 Et
918 3132 1080 3223 subjiciat
1106 3156 1197 3216 reus,

152 3251 172 3281 ‘⁴
184 3239 305 3314 Valde
318 3243 409 3327 volo,
423 3267 551 3336 meque
564 3247 822 3337 quamprimum
837 3246 881 3317 ad
895 3249 1110 3339 superiorem
1124 3272 1197 3319 me-

150 3382 207 3429 am
221 3359 472 3440 oonditioncm‚
485 3363 581 3432 unde
594 3364 746 3454 turpiter
759 3373 796 3433 et
809 3363 1056 3434 miserabiliter
1068 3367 1196 3446 excidi,

151 3474 220 3546 Dei
232 3476 406 3548 beneficio
423 3487 461 3547 et
480 3487 593 3548 vestro
611 3482 764 3549 revocari
780 3479 1008 3550 vehementer
1024 3481 1195 3571 postulo.'’

147 3591 239 3662 Tum
260 3602 379 3686 pastor
401 3616 483 3664 sum
508 3594 545 3662 in
563 3594 738 3686 templum
763 3595 974 3679 introducat,
992 3605 1029 3665 et
1053 3598 1097 3666 ad
1121 3620 1197 3666 om·

148 3730 230 3778 nem
248 3707 496 3778 circumfusam
520 3708 786 3779 multitudinem
808 3709 897 3779 hano
921 3711 1115 3782 orationem
1134 3711 1195 3783 ha-

148 3823 241 3894 beat.
293 3822 407 3895 “Viri
426 3824 562 3907 fratres,
580 3825 792 3895 adduximus
809 3836 892 3895 ante
910 3825 1030 3896 oculos
1049 3837 1193 3911 vestros,

147 3949 185 4010 et
209 3941 247 4009 in
272 3949 389 4010 vestra
411 3941 596 4031 prasentia
619 3939 875 4022 collocavimus,
894 3942 1192 4031 quemadmodum

147 4055 301 4125 muneris
330 4056 441 4124 nostri
475 4055 565 4124 ratio
591 4055 670 4134 fert,
697 4077 795 4124 reum
823 4054 927 4136 huno,
954 4056 1098 4126 fratrem
1130 4081 1192 4126 no-

144 4182 267 4253 strum,
299 4173 359 4262 qui
389 4193 471 4241 snos
500 4181 542 4240 ut
569 4170 673 4262 plane
703 4170 804 4240 nobis
831 4171 955 4262 probet
984 4173 1192 4244 emendatos

418 4317 425 4352 ¹
443 4312 528 4368 omni.
774 4309 926 4369 ²ecclesia.

655 4430 681 4479 N
