2692 4800
106 280 111 290 '
146 281 219 354 178
426 294 474 345 na
492 291 887 344 sxoonuunrcnrrons.

144 474 266 522 sensus
283 461 320 520 st
338 458 531 520 correctam
548 471 687 519 morum
706 446 833 531 labem,
850 449 988 541 peccati
1005 449 1060 520 sui
1078 449 1190 521 defor-

145 568 320 648 mitatem,
339 587 409 656 qua
425 565 619 634 Dominum
637 586 864 635 communem
882 573 1045 636 nostrum
1053 562 1191 648 'Deum
1231 562 1239 581 ⁸

144 691 181 752 et
198 689 454 752 sacrosanctam
472 681 563 751 hanc
581 680 655 772 ejus
667 680 862 750 Ecclesiam
880 679 1040 764 offendit,
1054 678 1193 773 publice

143 821 261 868 coram
291 797 390 867 vobis
415 805 557 889 paratus
583 807 637 866 est
660 819 861 890 agnoscere.
913 795 1004 880 Quae
1029 819 1088 868 res
1111 795 1194 868 licet

144 913 313 1006 pudorem
349 911 400 982 illi
436 911 647 981 nonnullum
681 911 833 983 allatura
874 913 931 993 sit,
969 921 1093 983 tamen
1126 911 1194 983 Dei

143 1029 291 1124 gloriam
316 1038 355 1100 et
380 1029 536 1100 ecclesiae
562 1038 689 1099 nostrae
709 1037 843 1098 statum
869 1028 1103 1102 vehementer
1124 1052 1195 1100 am·

144 1143 326 1236 plificabit.
379 1143 438 1214 Ad
468 1143 537 1213 hoc
564 1143 673 1236 igitur
702 1143 836 1235 praebet
868 1165 918 1225 se,
943 1141 1130 1213 vobiscum
1155 1150 1195 1213 ut

147 1282 265 1330 rursus
291 1282 408 1329 coram
427 1258 506 1328 Deo
530 1259 773 1352 conjungatur,
792 1267 829 1328 et
855 1257 1051 1329 fraternam
1076 1280 1195 1329 recens

144 1375 380 1446 intermissam
398 1384 439 1444 ut
455 1375 586 1444 iterum
604 1375 898 1446 necessitudinem
918 1371 1025 1444 colat.
1063 1372 1109 1444 In
1125 1397 1195 1467 quo

145 1511 233 1558 meae
263 1499 380 1581 partes
405 1498 500 1573 sunt,
526 1499 567 1559 ut
592 1513 638 1560 ex
664 1490 769 1559 sacris
794 1489 889 1582 apud
915 1511 978 1559 vos
1004 1487 1195 1582 Scripturis

146 1613 305 1696 repetam
329 1606 481 1697 primum
500 1606 584 1697 quid
609 1607 797 1699 separatim
814 1628 854 1676 ac
878 1606 1019 1697 proprie
1041 1605 1088 1676 de
1112 1628 1196 1698 prae·

147 1722 257 1790 rantis
274 1722 324 1790 rei
343 1720 489 1790 crimine
506 1723 613 1791 statui
639 1722 777 1804 debeat,
795 1720 924 1792 deinde
942 1743 1022 1814 quae
1040 1743 1197 1792 commu·

146 1837 200 1906 nis
229 1836 393 1907 omnibus
427 1836 527 1906 nobis
559 1838 603 1907 de
635 1837 815 1907 communi
851 1835 1046 1930 fragilitate
1081 1845 1198 1908 nostra

146 1954 317 2046 cogitatio
340 1953 561 2045 suscipienda
586 1955 642 2024 sit.
696 1953 874 2046 Principio
899 1975 1080 2023 sacrarum
1107 1954 1198 2025 Scri·

145 2077 328 2161 pturarum
346 2067 541 2138 authoritas
558 2068 629 2138 duo
647 2091 710 2139 nos
727 2069 773 2140 de
790 2076 937 2161 peccato
954 2069 1084 2142 docet:
1111 2070 1199 2143 alto·

147 2207 227 2254 rum
241 2192 295 2254 est
313 2185 406 2275 quod
420 2206 544 2255 omnes
560 2187 636 2254 sins
648 2185 722 2255 ulla
739 2186 950 2276 exceptione
967 2193 1199 2278 peccatorum

146 2301 182 2368 in
213 2320 389 2368 carcerem
421 2297 671 2368 detrudimur:
714 2298 866 2369 altemm
896 2299 993 2392 quod
1022 2300 1071 2371 ad
1105 2300 1202 2372 hunc

147 2414 257 2486 finem
286 2412 426 2483 vincula
450 2421 571 2483 nostra
597 2414 809 2496 referuntur,
835 2436 906 2483 non
931 2424 974 2484 ut
998 2437 1143 2508 semper
1165 2418 1203 2487 in

145 2529 215 2600 illis
225 2529 435 2620 jaceremus,
450 2528 510 2598 sed
529 2538 571 2597 ut
588 2550 634 2598 ex
652 2527 720 2598 illis
738 2529 947 2598 immensam
964 2538 1002 2598 et
1019 2529 1200 2601 infinitam

147 2646 213 2716 Dei
235 2646 348 2716 Patris
374 2646 647 2716 miscricordiam
672 2657 816 2738 propter
833 2643 1015 2716 Christum
1043 2646 1205 2740 explica·

145 2785 274 2832 remus.
337 2762 476 2845 Quibus
506 2763 611 2832 rebus
642 2761 746 2832 facile
775 2783 962 2854 possumus
996 2761 1204 2857 intelligere

146 2879 229 2969 quid
257 2881 321 2971 ipsi
349 2880 394 2948 de
421 2880 557 2960 nostris,
585 2878 713 2948 deinde
739 2878 784 2948 de
815 2877 964 2949 aliorum
991 2879 1204 2950 criminibus

146 2995 301 3087 cogitare
318 2996 503 3088 possimus,
522 3005 559 3063 et
579 2999 656 3085 quis
674 2995 709 3063 in
729 2993 798 3063 illis
816 2991 957 3064 noster¹
976 3015 1101 3065 sensus
1126 3019 1207 3067 esse

147 3111 286 3181 debeat.
340 3110 585 3180 Communitas
608 3113 703 3180 enim
724 3110 786 3180 illa
806 3110 975 3202 peccandi
997 3133 1077 3201 quae
1102 3114 1206 3204 prius

152 3229 196 3297 ad
223 3249 344 3297 omnes
368 3228 544 3320 pertinere
567 3227 759 3308 dicebatur,
776 3228 814 3296 in
838 3248 881 3296 eo
904 3248 968 3296 nos
992 3225 1125 3310 erudit,
1143 3250 1212 3299 na-

149 3351 264 3412 turam
294 3364 378 3420 sone
400 3350 556 3412 nostram
573 3344 771 3412 universam
789 3341 901 3433 ipsam
920 3362 984 3432 per
1005 3364 1043 3412 se
1062 3362 1211 3433 semper

147 3457 191 3527 ad
210 3480 316 3528 omns
333 3457 547 3550 flagitiorum
564 3480 676 3551 genus
694 3458 786 3527 ferri.
836 3458 1072 3550 Quapropter,
1089 3457 1209 3529 offen·

149 3575 264 3645 siones
288 3574 437 3644 aliorum
463 3573 679 3645 miserabiles
704 3574 805 3643 nobis
829 3573 941 3643 videri
967 3574 1112 3657 debent,
1136 3599 1206 3647 nec

149 3691 274 3761 fratres
299 3689 403 3761 decet
429 3690 464 3758 in
487 3688 609 3760 officiis
631 3689 686 3759 vel
710 3689 949 3760 claudicantes
972 3689 1029 3759 vel
1056 3700 1207 3761 ruentes

147 3815 211 3875 aut
236 3807 404 3877 atrociter
428 3827 591 3875 accusare
621 3813 685 3874 aut
711 3804 862 3897 superbe
887 3804 1097 3897 despicere:
1140 3807 1204 3878 sed

148 3923 215 3993 boc
229 3923 347 4014 potius
359 3921 568 3992 Christianae
581 3921 839 4012 conjunctionis
856 3930 922 4005 est,
933 3930 975 3990 ut
992 3944 1065 3991 non
1083 3924 1202 3993 minor

149 4041 249 4110 nobis
274 4042 309 4109 in
337 4040 483 4109 fratrum
511 4039 628 4120 ruinis,
656 4049 971 4130 quantumcunque
998 4040 1139 4132 magnis
1161 4048 1199 4110 et

149 4157 366 4247 capitalibus,
377 4155 478 4224 dolor
494 4156 680 4235 accideret,
691 4178 797 4247 quam
816 4157 844 4243 si
863 4155 1008 4247 nosipsi
1026 4156 1195 4226 concidis-

611 4287 617 4324 ¹
635 4295 734 4349 nostri.
