2692 4800
472 291 633 351 TABULA
653 292 903 352 TITULORUM.
1189 298 1209 356 li

182 465 210 521 3.
232 444 352 504 Articuli
366 447 541 522 probationis
566 493 1080 510 ..........................
1115 472 1143 527 p.
1155 470 1213 525 244

180 562 210 615 4.
231 543 359 601 Testium
373 544 472 602 citatio
486 589 1123 607 ................................
1175 549 1212 606 ib.

181 662 211 717 5.
233 642 370 700 Adverssc
383 642 472 718 panis
486 641 583 700 citatio
605 687 1120 704 ..........................
1155 662 1211 722 245

179 740 209 796 6.
232 739 478 816 Interrogationes
482 785 1118 801 ................................
1173 744 1211 801 ib.

181 855 210 910 7.
232 839 339 896 Dilutio
353 839 390 895 ad
402 839 643 915 interrogationes
656 838 856 913 concipiendas
868 880 1116 898 .............
1171 842 1210 899 ib.

181 937 208 994 8.
231 938 403 996 Protestntio
416 938 446 995 in
460 938 632 995 exhibitione
647 937 902 1013 interrogationum
903 980 1119 996 ...........
1170 939 1210 997 ib.

178 1053 209 1112 9
228 1035 427 1095 Juramentum
441 1036 558 1094 testium
561 1080 1118 1096 ............................
1153 1035 1211 1108 246

163 1152 210 1191 ιο.
233 1134 340 1192 Diebus
353 1134 461 1191 seriatis
475 1153 533 1191 non
544 1135 657 1209 juretur
658 1175 1117 1194 .......................
1169 1133 1208 1191 ib.

160 1249 210 1290 22.
233 1231 383 1308 Delegatio
397 1231 615 1289 examinationis
643 1275 1116 1290 ........................
1150 1247 1207 1306 247

161 1348 210 1388 22.
233 1329 363 1406 Rejectio
377 1330 493 1388 22222222
507 1329 621 1405 qnando
635 1328 730 1386 fienda
742 1372 1116 1388 ...................
1168 1330 1207 1387 ib.

161 1444 208 1501 ¹3·
230 1426 331 1485 Testes
345 1445 397 1502 per
406 1427 532 1502 judicem
548 1426 669 1503 cogendi
683 1435 759 1492 aunt,
774 1426 799 1484 si
812 1426 909 1484 venire
923 1435 1075 1485 recusant.
1090 1473 1096 1485 .
1110 1473 1115 1485 .
1168 1428 1207 1485 ib.

158 1541 207 1595 14.
230 1524 289 1594 Qui
303 1524 332 1581 io
346 1523 540 1581 testimonium
554 1525 651 1582 venire
665 1525 731 1602 cogi
744 1542 803 1582 non
816 1533 950 1599 possunt.
1169 1525 1207 1583 ib.

159 1636 208 1698 25.
231 1622 279 1679 Ad
292 1621 401 1679 nobiles
415 1630 445 1679 et
458 1621 565 1679 debiles
586 1624 710 1680 eundum
728 1632 772 1680 est
786 1642 838 1697 pro
852 1622 965 1680 iliorum
979 1623 1124 1680 examina·

260 1719 338 1777 tione
353 1763 1116 1785 ......................................
1169 1721 1206 1779 ib.

159 1817 206 1875 26.
230 1816 364 1874 Officium
378 1816 494 1874 testium
497 1860 1115 1878 ...............................
1148 1819 1207 1892 248

158 1915 1113 1990 17.Quintestimoniorepeliendisunt.................‚
1166 1917 1205 1975 ib.

158 2015 204 2073 18.
227 2013 415 2082 Quorundam
430 2013 593 2070 testimonia
607 2013 769 2087 repellenda
782 2022 848 2071 aunt
858 2057 1112 2073 .............
1147 2029 1205 2090 249

156 2129 204 2189 29.
229 2110 288 2181 Qui
302 2129 319 2166 2
332 2109 495 2167 testimonio
509 2110 663 2185 repellendi
678 2119 743 2168 sunt
761 2155 1110 2170 ..................
1165 2111 1203 2168 ib.

153 2226 202 2266 20.
223 2207 325 2265 Testes
338 2208 374 2265 de
388 2205 571 2265 universitate
595 2252 1112 2269 ..........................
1163 2209 1201 2281 ib·

154 2325 203 2364 22.
224 2306 326 2364 Testes
340 2306 489 2364 domestici
503 2307 616 2382 quondo
630 2307 756 2364 adhiberi
772 2317 900 2382 possunt.
920 2354 925 2366 .
939 2355 945 2367 .
961 2353 986 2366 ..
1000 2353 1024 2365 ..
1042 2354 1068 2367 ..
1083 2353 1109 2367 ..
1162 2308 1200 2365 ib.

154 2422 202 2461 22.
225 2402 284 2474 Qui
298 2403 385 2461 semel
400 2404 539 2479 approbat
554 2422 706 2479 personam
723 2405 804 2462 testis
817 2423 930 2480 semper
944 2405 1057 2463 videtur
1070 2425 1119 2481 ep·

256 2502 385 2578 probare,
401 2501 458 2559 nisi
472 2521 547 2559 nova
560 2502 707 2560 emerserit
720 2503 850 2579 exceptio
852 2546 1109 2563 .............
1143 2521 1158 2559 2
1162 2518 1200 2577 5ο

154 2618 203 2675 25.
227 2602 261 2657 ln
276 2601 367 2659 aliena
380 2619 466 2658 causa
479 2601 574 2677 plures
588 2608 677 2658 testes
691 2619 728 2657 ex
744 2600 843 2658 eadem
864 2599 972 2658 familia
991 2599 1119 2658 adhiberi

253 2706 373 2774 possunt
390 2742 1109 2758 ....................................
1160 2698 1199 2755 ib.

153 2816 200 2868 24.
221 2797 316 2855 Testis
331 2797 449 2873 alicujus
463 2796 560 2872 scripti
574 2805 689 2873 propter
700 2797 806 2853 crimen
821 2804 921 2871 postea
935 2795 1119 2853 commissum

254 2901 303 2951 aut
318 2893 489 2969 patefactum
504 2893 582 2968 rejici
597 2911 655 2949 non
672 2893 756 2950 debet
769 2936 1107 2951 .................
1159 2892 1198 2950 ib.

153 3004 200 3065 25.
225 2990 283 3060 Qui
305 2990 501 3066 poenitentiam
525 2998 656 3065 egerunt,
677 2991 712 3046 ed
729 2989 884 3047 testimonii
901 2988 986 3046 fidem
1006 2988 1117 3046 restitui

252 3096 372 3164 possunt
385 3130 1105 3147 ....................................
1140 3101 1194 3165 252

148 3188 198 3246 26.
222 3187 334 3257 Quibus
347 3188 467 3245 testibus
482 3186 554 3244 fides
568 3186 605 3243 sit
617 3185 749 3243 babendo
753 3230 1104 3245 ..................
1157 3187 1195 3245 ib.

150 3299 198 3362 27.
221 3283 314 3360 Super
332 3282 440 3343 eisdem
459 3292 509 3343 aut
527 3284 676 3342 contrariis
698 3283 823 3341 articulis
847 3302 905 3340 non
926 3284 993 3342 licet
1013 3284 1116 3359 sepius

249 3391 338 3441 testes
351 3384 507 3459 producere
523 3425 1104 3443 .............................
1157 3382 1195 3442 ib.

148 3479 1102 3556 28.Quandotestesrepetipossunt.....................
1155 3480 1194 3538 ib.

147 3593 195 3654 29.
217 3575 977 3653 Poenatestiumperjurantium................
995 3621 1018 3632 ..
1137 3589 1193 3652 252

147 3690 195 3748 5ο.
218 3673 343 3743 Quando
357 3674 439 3731 testis
454 3674 593 3731 rationem
608 3674 651 3731 sui
666 3673 734 3729 dicti
748 3672 867 3730 reddere
881 3680 1012 3730 teneatur
1013 3714 1101 3730 .....
1154 3673 1191 3730 ib.

145 3771 1100 3849 31.Detestibusextrajadiciulibus.....................
1153 3771 1191 3827 ib.

145 3869 1097 3946 32.Testibusexpensaesuntsolvendoe..................
1152 3869 1191 3927 ib.

147 3984 196 4041 33.
219 3968 416 4044 Reprobotorii
433 3978 522 4027 testes
535 3987 593 4025 non
608 3977 675 4025 sunt
687 3986 739 4043 per
753 3967 824 4024 alios
838 3966 1008 4042 reprobandi
1033 4012 1058 4023 ..
1073 4011 1098 4024 ..
1134 3982 1188 4044 253

148 4083 195 4140 54.
217 4067 300 4126 Dicta
323 4068 441 4127 testium
469 4068 680 4143 interpretanda
703 4074 771 4124 sunt
796 4067 951 4124 secundum
976 4066 1110 4142 loquendi

245 4166 1098 4224 consuetudinem..,.¹.................,.......
1150 4167 1186 4223 ib.

148 4280 163 4332 4
167 4277 193 4340 5.
214 4263 337 4332 Quando
357 4263 466 4321 dictum
479 4263 563 4320 unius
581 4263 663 4319 testis
683 4263 830 4337 suppletur
844 4282 894 4338 per
908 4263 1015 4320 dictum
1037 4260 1106 4319 alte·

241 4380 1092 4421 nus
1147 4360 1186 4418 ib.

640 4453 699 4518 ds
