2692 4800
490 303 539 354 na
563 302 819 355 rasraunnrrs.
1101 285 1173 351 145

128 457 203 530 illos
225 478 369 551 aequum
395 465 451 528 est
473 457 624 539 devolvi,
641 458 686 529 ad
703 480 792 550 quos
813 479 859 528 ex
881 457 1014 528 eisdem
1038 456 1174 527 utilitas

128 575 319 669 perveniet.
370 572 410 644 si
429 596 512 644 vero
528 582 738 644 testatorum
757 573 945 643 facultates
962 571 1056 642 ultra
1073 574 1174 665 quin·

128 714 193 785 que
216 691 326 762 libras
350 690 553 773 ascendant,
569 699 608 762 et
629 703 750 760 tamen
767 691 860 760 intra
877 690 1111 783 quadraginta
1133 688 1174 758 li-

128 808 203 879 bras
224 808 430 889 subsistant,
448 806 492 876 ad
510 807 670 900 judicem
693 814 731 876 et
748 807 925 876 ministros
942 806 1176 899 quadraginta

128 925 259 996 denarii
285 933 508 1018 reponentur,
532 946 578 993 ex
603 922 731 1015 quibus
757 922 945 992 duodecim
972 923 1174 992 eximentur

128 1042 259 1123 scribae,
271 1039 447 1133 reliquum
459 1040 573 1132 judici
591 1038 788 1109 remanebit
805 1047 844 1108 et
861 1039 932 1108 suis
949 1038 1173 1109 administris.

128 1153 217 1227 Cum
234 1164 357 1225 autem
375 1176 430 1225 res
447 1154 626 1224 testatoris
647 1151 802 1245 pretium
820 1152 1053 1247 quadraginta
1069 1153 1174 1223 libra-

128 1294 202 1342 rum
220 1278 402 1361 superant,
414 1271 458 1339 ad
471 1268 629 1362 judicem
648 1278 685 1338 et
702 1268 880 1338 ministros
898 1271 1054 1362 quinque
1071 1269 1174 1340 solidi

128 1384 404 1467 corrivabuntur,
428 1385 474 1455 de
497 1407 568 1476 quo
594 1384 779 1454 dimidium
804 1384 847 1454 ad
875 1385 1025 1455 scribam
1052 1408 1175 1478 perve-

128 1502 219 1573 niet:
245 1509 284 1572 at
300 1501 337 1569 in
364 1523 407 1570 eo
428 1499 457 1570 si
475 1522 546 1569 non
571 1497 804 1592 acquiescat1,
823 1499 914 1570 hanc
932 1500 1172 1570 conditionem

128 1627 252 1697 sumet.
270 1625 312 1688 ut
328 1639 393 1709 pro
410 1617 548 1687 decimo
565 1639 705 1709 quoque
723 1618 927 1686 testamenti
948 1639 1048 1687 versu
1067 1619 1176 1688 dena·

128 1734 214 1805 rium
242 1732 424 1827 percipiat,
450 1733 590 1825 proviso
616 1734 710 1824 quod
741 1732 870 1826 singuli
900 1756 1019 1804 versus
1049 1735 1174 1807 decem

128 1847 295 1942 pollicum
313 1846 540 1918 latitudinem
557 1846 798 1942 longitudine²
816 1859 1013 1941 exaequent.

147 2078 222 2164 Gap.
239 2078 286 2144 18.
311 2077 399 2159 Quod
409 2077 539 2145 lorado
552 2087 580 2144 ot
592 2078 857 2144 administratores
872 2078 1020 2143 rotioaem
1036 2077 1162 2143 reddeat

578 2182 728 2246 donorum.

177 2319 281 2392 Nulli
313 2319 495 2414 privilegio
525 2330 665 2391 tantum
696 2320 804 2390 tribui
837 2320 1008 2404 volumus,
1034 2328 1076 2390 ut
1102 2315 1177 2388 vel³

128 2437 283 2509 haeredes
308 2437 482 2508 bonorum
508 2441 611 2530 (quos
636 2445 846 2508 executores
873 2440 1015 2528 vocant)
1039 2434 1094 2505 vel
1115 2435 1176 2506 ad-

128 2556 381 2626 ministratores
398 2578 421 2625 a
437 2555 615 2625 reddenda
631 2553 828 2648 legatorum
851 2555 988 2625 ratione
1011 2554 1176 2636 abducat,

128 2693 233 2765 quam
257 2671 293 2741 in
315 2670 489 2753 omnibus,
507 2671 567 2763 qui
589 2669 646 2740 vel
672 2693 753 2740 cum
777 2678 992 2740 testamento
1019 2668 1076 2740 vel
1101 2669 1177 2740 sine

128 2793 343 2859 testamento
364 2786 571 2868 moriuntur,
589 2796 750 2856 constare
775 2783 903 2878 placet.
952 2784 1177 2878 Quapropter

128 2903 188 2997 qui
218 2901 348 2974 talibus
382 2901 572 2996 privilegiis
605 2901 801 2994 praemuniti
835 2909 928 2984 sunt,
956 2924 1078 2972 eorum
1109 2901 1176 2972 nisi

128 3020 338 3092 beneficium
373 3020 553 3112 deponant
587 3029 624 3089 et
657 3018 858 3111 repudient,
894 3016 1059 3089 nolumus
1097 3016 1177 3090 illos

128 3135 241 3205 ullum
259 3133 294 3205 in
313 3134 576 3205 tractandorum
595 3133 766 3204 bonorum
788 3134 934 3227 negotio
954 3132 1014 3225 jus
1034 3131 1177 3215 habere,

128 3272 194 3320 nec
219 3249 263 3319 ad
288 3272 411 3319 eorum
437 3248 777 3320 administrationem
803 3270 1014 3341 quacunque
1040 3248 1176 3319 ratione

128 3364 297 3436 adhiberi.

408 3486 487 3571 Cap.
504 3507 551 3574 ¹9·
575 3487 624 3551 Do
637 3485 737 3572 ticillo
751 3486 896 3573 dofilnoli.

177 3607 356 3692 Quoniam
377 3609 490 3681 multa
510 3607 625 3681 solent
642 3617 760 3679 astute
777 3609 852 3679 fieri
871 3607 1011 3700 quando
1035 3607 1177 3700 signum

128 3725 280 3796 hominis
299 3727 430 3798 mortui
453 3729 690 3817 interceptum
713 3734 777 3808 est,
794 3725 962 3818 jubemus
988 3734 1029 3794 ut
1055 3747 1177 3816 quarn·

128 3844 282 3937 primum
308 3842 433 3936 aliquis
456 3842 647 3913 excesserit
664 3865 685 3912 e
703 3842 785 3925 vita,
804 3842 942 3936 signum
965 3840 1040 3932 ejus
1057 3839 1176 3931 quale-

128 3983 268 4053 cunque
286 3962 333 4030 sit
349 3959 443 4052 quod
461 3960 504 4030 ad
527 3959 656 4052 scripta
673 3956 810 4029 solebat
826 3957 980 4051 affigere,
999 3956 1175 4048 quandam

128 4078 164 4146 in
189 4073 346 4147 arculam
365 4073 420 4144 vel
445 4097 649 4146 crumenam
676 4086 874 4167 seponatur,
899 4073 960 4143 ubi
988 4080 1067 4142 tuto
1093 4095 1175 4142 ocn-

128 4195 259 4267 servari
284 4193 402 4287 possit,
424 4201 461 4263 et
486 4202 654 4287 praeterea
679 4193 787 4263 trium
814 4193 921 4286 signis
946 4191 1172 4262 honestarum

212 4349 220 4388 ¹
237 4351 406 4427 acquiescet.
543 4345 746 4425 ²longitudine
761 4369 810 4407 om.
953 4341 1024 4405 ³·vel
1038 4366 1091 4404 om.

641 4466 663 4517 L
