2692 4800
486 327 534 376 ns
560 324 777 376 nascamus.
1134 313 1156 385 9

109 504 281 574 sparsum,
299 491 373 552 tam
392 479 616 574 pestilentem
635 479 806 549 haeresum
826 474 928 560 vim¹,
941 479 1039 569 quasi
1058 477 1158 549 lolio·

109 622 187 668 rum
209 606 247 668 et
269 599 497 683 zizaniorum,
514 582 672 678 infudit²‚
691 605 731 665 ut
747 595 918 664 universa
938 596 996 663 vix
1014 613 1187 678 anama-5

109 716 176 784 rari
202 714 340 806 possint
365 714 419 784 hae
445 713 548 794 faces,
576 713 703 805 quibus
731 709 891 780 Ecclesia
917 710 1158 804 conflagravit,

109 839 147 901 et
164 829 281 900 adhuc
298 827 544 899 miserabiliter
560 829 670 910 ardet,
689 826 829 897 diabolo
855 828 1024 918 majorem
1042 831 1159 920 quoti-

109 947 168 1016 die
208 946 376 1017 falsarum
411 946 614 1038 opinionum
650 944 834 1014 materiam
869 942 1116 1014 accumulante
1132 942 1157 1014 ³.

109 1063 188 1133 Nos
213 1062 324 1156 igitur
347 1062 402 1131 his
427 1052 737 1132 constitutionibus
762 1061 890 1131 nostris
917 1061 1071 1132 breviter
1096 1084 1159 1153 per

108 1178 188 1250 illas
210 1179 359 1250 hareses
382 1176 688 1271 pratervehemur,
706 1200 853 1268 quarum
874 1200 1025 1270 praesens
1049 1180 1158 1271 pestis

108 1293 163 1365 iu⁴
179 1296 373 1390 perniciem
391 1295 569 1389 religionis
592 1305 792 1366 nostrorum
813 1305 1014 1389 temporum
1040 1298 1157 1368 adhuc

107 1411 266 1482 incubat.
318 1411 362 1482 In
380 1435 450 1504 quo
466 1434 596 1505 genere
614 1411 785 1482 teterrimi
804 1412 855 1482 illi
865 1427 966 1495 'sunt
984 1414 1158 1507 (itaquea

106 1527 211 1598 nobis
235 1527 388 1620 primum
413 1527 715 1619 nominabuntur,)
733 1528 794 1618 qui
819 1551 933 1599 sacras
959 1528 1158 1622 Scripturas

106 1646 153 1717 ad
171 1645 390 1715 intirmorum
404 1654 544 1714 tantum
558 1643 742 1713 hominum
754 1644 976 1716 debilitatem
991 1646 1158 1740 ablegant

107 1775 147 1834 et
172 1762 377 1844 detrudunt,
404 1761 469 1830 sibi
497 1760 546 1831 sic
573 1760 638 1852 ipsi
661 1760 802 1830 interim
830 1762 1055 1852 praefidentes
1068 1760 1092 1845 ⁵,
1117 1771 1158 1833 ut

107 1903 231 1951 earnm
248 1877 465 1949 authoritate
488 1899 526 1946 se
543 1877 656 1946 teneri
680 1899 750 1945 non
768 1885 907 1969 putent,
925 1879 985 1949 scd
1005 1878 1158 1971 peculia·

106 2019 182 2066 rem
194 1995 372 2087 quendam
390 1991 550 2084 spiritum
563 1993 711 2084 jactant,
730 2015 751 2062 a
768 2016 839 2084 quo
856 1993 922 2062 sibi
941 1995 1059 2065 omnia
1075 2017 1157 2088 sup

107 2110 260 2203 peditari
276 2109 389 2191 ailant,
408 2129 625 2200 quacunque
643 2107 773 2176 docent
792 2117 827 2176 et
846 2106 992 2177 faciunt.

129 2304 209 2388 Cap.
226 2323 258 2383 4.
283 2302 332 2366 Dc
346 2300 385 2365 iis
399 2301 455 2386 qai
468 2307 550 2366 catus
568 2301 790 2365 Testamentum
806 2310 861 2365 cat
875 2311 967 2366 totam
982 2301 1132 2384 afficiunt,

477 2413 532 2467 aad
546 2411 639 2468 totam
653 2403 785 2489 mpura.

157 2526 300 2598 Deinde
326 2528 504 2620 quomodo
529 2528 651 2620 priscis
679 2526 898 2619 temporibus
926 2525 1156 2597 Marcionita-

104 2667 184 2714 rum
204 2644 333 2726 sordes,
352 2642 686 2715 Valentinianorum
709 2651 746 2713 et
766 2641 1044 2713 Manichaeorum
1064 2642 1155 2714 flux-

106 2769 223 2842 erunt,
241 2770 279 2831 et
301 2759 377 2831 aliae
400 2759 532 2831 similes
555 2784 676 2831 earum
700 2758 821 2829 multae
846 2758 958 2842 faeces,
981 2783 1002 2830 a
1026 2761 1154 2852 quibus

104 2887 210 2949 vetus
226 2878 494 2949 Testamentum
511 2888 553 2948 ut
573 2877 764 2948 absurdum
781 2876 998 2968 malumque,
1016 2885 1152 2947 etcum

104 3018 199 3064 novo
217 2995 399 3076 dissidens,
417 2993 687 3087 repudiabatur3
714 2993 762 3062 sic
786 2991 891 3062 multi
912 2992 1039 3063 nostris
1063 3001 1154 3063 tcm-

103 3112 250 3204 porihus
279 3112 518 3190 inveniuntur,
546 3113 640 3181 inter
673 3132 760 3201 quos
789 3109 1033 3202 Anabaptistae
1068 3133 1153 3202 pra·-

104 3229 210 3321 cipue
235 3237 318 3297 sunt
343 3225 548 3309 collocandi,
573 3227 617 3297 ad
641 3248 729 3318 quos
753 3227 781 3295 si
806 3226 883 3317 quis
906 3233 1010 3295 vetus
1032 3225 1154 3297 Testa-

103 3352 268 3414 mentum
292 3341 434 3436 alleget,
452 3340 539 3412 illud
563 3365 626 3434 pro
650 3342 818 3435 abrogata
835 3342 910 3433 jam
935 3352 972 3412 et
993 3341 1153 3413 obsoleto

103 3460 249 3553 penitus
277 3458 421 3539 habeut,
448 3459 567 3528 omnia
591 3482 672 3551 quae
704 3459 739 3527 in
768 3457 830 3561 illo
856 3457 969 3550 posita
998 3460 1151 3530 suntad

103 3577 219 3670 prisca
236 3575 407 3667 majorum
427 3583 625 3645 nostrornm
644 3585 805 3668 tempora
827 3574 1028 3644 referentes.
1081 3576 1153 3645 lta·

103 3715 175 3785 que
201 3690 288 3761 nihil
313 3714 435 3762 corum
461 3691 505 3761 ad
529 3715 593 3762 nos
619 3699 784 3762 statuant
806 3691 989 3783 pervenire
1012 3691 1151 3763 debere.

103 3808 270 3879 Aliorum
294 3816 413 3878 autem
439 3810 633 3879 contrarius
656 3817 720 3890 est,
738 3807 800 3878 sed
818 3809 972 3899 ejusdem
993 3809 1154 3900 impieta-

103 3927 151 3997 tis
185 3947 292 4008 error,
322 3925 381 4015 qui
417 3948 528 4016 usque
558 3927 647 3996 adeo
678 3933 780 3995 vetus
810 3925 854 3994 ad
885 3924 1152 3994 Testamentum

148 4110 355 4189 'pestilentem
369 4113 510 4171 haeresim.
633 4111 792 4170 ²infundit.
927 4108 1111 4169 ³acculantc.

310 4209 323 4253 ⁴
339 4212 368 4268 in
383 4231 433 4268 orn.
728 4207 742 4250 ⁵
756 4207 948 4284 praesidentes.
