2692 4800
491 326 540 377 nn
565 325 720 377 cummu
742 325 852 377 rrum.
1122 311 1193 377 241

145 479 210 550 bus
227 476 335 572 plene
350 478 561 561 eutiefmere
575 500 725 570 quorum
745 479 902 549 conditio
919 478 1059 549 illorum
1072 479 1196 551 fraude

145 595 219 667 ullu
235 594 274 664 in
292 616 332 666 re
349 594 505 664 deterior
524 593 619 665 faeta
640 601 704 665 eet
762 593 919 666 Infamee
944 596 1053 666 etium
1079 602 1196 679 erunt,

144 711 269 785 officiis
294 720 333 783 et
358 709 549 793 benefieiis,
576 712 605 781 ui
630 734 708 802 quae
734 719 827 792 sunt,
853 711 1131 782 removebuntur
1157 719 1196 783 et

145 826 333 921 pellentur,
361 833 400 896 et
433 846 500 896 nee
534 823 729 896 officiorum
755 847 823 896 nee
853 824 1103 896 beneficiorum
1132 847 1197 895 un·

145 965 255 1036 quum
289 963 435 1036 eupeeee
468 951 584 1023 erunt,
613 964 660 1012 ex
691 964 734 1012 eo
763 949 936 1034 tempore,
965 963 1036 1032 quo
1063 941 1100 1011 in
1129 940 1197 1011 hoe

146 1082 279 1154 genere
314 1058 470 1129 criminis
497 1058 651 1129 convicti
681 1057 910 1149 damnatique
938 1064 1031 1127 nunt.
1093 1055 1142 1126 Et
1167 1055 1197 1127 oi

148 1174 301 1246 ministri
328 1173 472 1256 fuerint,
501 1195 648 1246 munere
676 1196 746 1266 quo
775 1173 971 1267 funguntur
991 1173 1026 1242 in
1050 1171 1200 1243 eeclesia

148 1311 210 1362 eoo
227 1288 370 1362 exeludi
388 1296 542 1382 oportet.

244 1500 323 1588 Orp.
338 1520 370 1583 4.
394 1501 444 1566 De
455 1499 579 1588 ror-iptio
592 1497 743 1585 corruptio
756 1497 835 1583 quid
845 1498 1035 1564 muudum
1049 1499 1101 1564 rit.
1167 1564 1170 1569 .

198 1639 381 1726 Quoniam
415 1639 570 1710 diximus
605 1636 752 1709 falsariis
786 1636 871 1728 quid
904 1637 1107 1709 faciendum
1141 1638 1198 1719 rit,

149 1777 369 1849 consequens
396 1761 451 1825 ert
480 1760 522 1823 nt
550 1753 732 1823 videamus
758 1752 844 1843 quid
874 1753 919 1823 de
948 1754 1087 1846 seriptis
1116 1753 1201 1846 ipsiu

151 1868 381 1944 statuendum
409 1869 476 1952 eit3
510 1892 587 1961 quae
612 1868 779 1962 quonium
804 1875 970 1962 corrupta
995 1868 1201 1961 depravatu·

150 2010 221 2081 que
249 1993 343 2068 eunt,
374 1982 507 2055 nullius
536 1983 598 2054 iliu
626 1985 800 2055 momenti
829 1991 893 2054 nut
927 1982 1091 2077 ponderis
1124 2006 1200 2056 esee

151 2104 328 2187 uolumus,
343 2124 410 2173 nee
436 2102 472 2172 in
491 2101 668 2193 judicium
694 2100 882 2173 introduci.
933 2100 1029 2185 Quin
1053 2109 1090 2171 et
1110 2100 1200 2173 illud

151 2228 369 2313 praeoeutum
399 2219 455 2301 uit,
482 2227 525 2287 ut
555 2219 734 2289 sententia
765 2217 794 2287 ei
828 2217 938 2289 fuerit
970 2240 992 2288 n
1019 2216 1201 2309 judicibus

150 2335 270 2428 ulique
295 2333 352 2405 vel
383 2332 551 2404 falsorum
583 2332 742 2416 testium,
768 2331 825 2402 vel
851 2333 1102 2426 seripturarum
1127 2334 1202 2404 vio-

152 2451 305 2523 lntnrum
331 2448 550 2520 authoritate
575 2446 721 2540 perlate,
738 2457 923 2518 revocetur
943 2448 1069 2519 endem
1090 2457 1128 2520 et
1148 2473 1203 2521 re·

151 2565 323 2652 texatur,
340 2575 379 2639 et
396 2568 540 2637 omnino
559 2589 624 2660 pro
648 2564 748 2636 nulla
773 2567 829 2648 sit,
854 2573 893 2637 et
917 2566 986 2638 ulia
1008 2590 1100 2638 noun
1122 2591 1202 2661 pro-

151 2688 350 2769 nuncietur,
380 2707 457 2776 quoe
491 2683 702 2753 conveniens
736 2683 782 2753 eit
812 2681 942 2776 reguloe
969 2683 1129 2756 veritatis
1162 2694 1202 2754 et

144 2802 304 2895 justitiae.

183 3012 263 3099 Cup.
272 3028 306 3099 5.
329 3012 433 3076 mour
447 3020 475 3076 ot
489 3008 575 3075 dolor
588 3008 687 3074 maluo
699 3017 875 3094 spectantur
889 3007 924 3071 in
938 3008 1067 3072 erimine
1071 3009 1168 3093 falti.

202 3151 392 3222 Interdum
405 3150 547 3221 euenire
564 3155 693 3240 potest,
706 3154 748 3217 ut
764 3145 892 3240 aliquis
908 3167 979 3215 non
997 3144 1079 3217 dolo
1095 3146 1200 3233 mulo,

151 3288 218 3337 neo
244 3267 370 3350 ueiens,
395 3264 457 3334 sed
488 3264 663 3357 ignorans,
690 3269 728 3331 et
754 3262 829 3354 ipse
854 3261 1025 3354 deeeptus
1051 3261 1096 3332 ab
1121 3261 1201 3347 ulio,

152 3382 282 3455 falsum
307 3382 583 3452 instrumentum
609 3401 673 3471 pro
691 3398 773 3447 vero
798 3386 926 3460 eumnt,
944 3387 982 3449 et
1004 3401 1047 3449 eo
1066 3386 1201 3449 utatur.

152 3498 259 3584 Quod
285 3498 315 3567 ni
339 3497 488 3578 aecidat,
507 3505 545 3565 ot
567 3496 597 3565 ie
617 3493 678 3586 qui
699 3493 829 3586 scripto
855 3494 901 3565 sit
925 3516 1019 3579 usus,
1036 3496 1204 3565 innocen-

151 3616 241 3686 tium
270 3615 309 3684 in
338 3613 406 3685 heo
433 3635 472 3684 re
499 3633 600 3683 sunm
628 3609 741 3701 judici
771 3609 920 3703 probare
949 3612 1069 3703 possit,
1099 3610 1202 3683 illum

151 3731 299 3802 omnino
315 3729 479 3799 volumus
496 3727 564 3798 hoe
581 3727 728 3797 crimine
745 3725 895 3809 liberari,
908 3728 1002 3818 quod
1020 3748 1202 3819 nunquam

152 3846 347 3916 consistere
372 3851 503 3937 potest,
520 3842 586 3913 nisi
613 3840 708 3911 fraus
733 3849 771 3911 et
788 3840 889 3912 dolus
913 3841 1026 3914 malus
1047 3843 1097 3913 ibi
1121 3866 1203 3913 eon-

152 3962 337 4033 currerint.

587 4052 595 4084 ¹
612 4064 765 4114 retexatur.
