<?xml version="1.0" encoding="UTF-8"?>
<!DOCTYPE html PUBLIC "-//W3C//DTD XHTML 1.0 Transitional//EN"
    "http://www.w3.org/TR/xhtml1/DTD/xhtml1-transitional.dtd">
<html xmlns="http://www.w3.org/1999/xhtml" xml:lang="en" lang="en">
 <head>
  <title>
</title>
<meta http-equiv="Content-Type" content="text/html;charset=utf-8" />
  <meta name='ocr-system' content='tesseract 3.04.00' />
  <meta name='ocr-capabilities' content='ocr_page ocr_carea ocr_par ocr_line ocrx_word'/>
</head>
<body>
  <div class='ocr_page' id='page_1' title='image "./reformationeccl01cardgoog_0319.png"; bbox 0 0 2692 4800; ppageno 0'>
   <div class='ocr_carea' id='block_1_1' title="bbox 144 281 1252 361">
    <p class='ocr_par' dir='ltr' id='par_1_1' title="bbox 144 281 1252 361">
     <span class='ocr_line' id='line_1_1' title="bbox 144 281 1252 361; baseline 0.005 -15"><span class='ocrx_word' id='word_1_1' title='bbox 144 281 217 347; x_wconf 75' lang='lat' dir='ltr'><strong>utu</strong></span> <span class='ocrx_word' id='word_1_2' title='bbox 534 296 583 347; x_wconf 84' lang='lat' dir='ltr'><strong>nn</strong></span> <span class='ocrx_word' id='word_1_3' title='bbox 606 296 789 361; x_wconf 82' lang='lat' dir='ltr'><strong>rnsrrsus,</strong></span> <span class='ocrx_word' id='word_1_4' title='bbox 1181 282 1252 357; x_wconf 80' lang='lat' dir='ltr'><strong>eri</strong></span> 
     </span>
    </p>
   </div>
   <div class='ocr_carea' id='block_1_2' title="bbox 120 432 1193 1926">
    <p class='ocr_par' dir='ltr' id='par_1_2' title="bbox 144 432 1192 749">
     <span class='ocr_line' id='line_1_2' title="bbox 145 432 1190 541; baseline 0.006 -23"><span class='ocrx_word' id='word_1_5' title='bbox 145 462 253 528; x_wconf 92' lang='lat' dir='ltr'><strong>retur,</strong></span> <span class='ocrx_word' id='word_1_6' title='bbox 272 469 339 518; x_wconf 88' lang='lat' dir='ltr'><strong>nec</strong></span> <span class='ocrx_word' id='word_1_7' title='bbox 360 448 425 540; x_wconf 88' lang='lat' dir='ltr'><strong>ipsi</strong></span> <span class='ocrx_word' id='word_1_8' title='bbox 448 456 558 518; x_wconf 85' lang='lat' dir='ltr'><strong>testes</strong></span> <span class='ocrx_word' id='word_1_9' title='bbox 583 432 708 541; x_wconf 83' lang='lat' dir='ltr'><strong>postes</strong></span> <span class='ocrx_word' id='word_1_10' title='bbox 729 448 872 541; x_wconf 87' lang='lat' dir='ltr'><strong>repetiti</strong></span> <span class='ocrx_word' id='word_1_11' title='bbox 898 449 974 520; x_wconf 83' lang='lat' dir='ltr'><strong>sivo</strong></span> <span class='ocrx_word' id='word_1_12' title='bbox 996 472 1044 521; x_wconf 90' lang='lat' dir='ltr'><strong>ex</strong></span> <span class='ocrx_word' id='word_1_13' title='bbox 1070 451 1190 536; x_wconf 83' lang='lat' dir='ltr'><strong>officio,</strong></span> 
     </span>
     <span class='ocr_line' id='line_1_3' title="bbox 144 561 1192 659; baseline 0.008 -26"><span class='ocrx_word' id='word_1_14' title='bbox 144 565 218 633; x_wconf 87' lang='lat' dir='ltr'><strong>sive</strong></span> <span class='ocrx_word' id='word_1_15' title='bbox 243 563 288 633; x_wconf 83' lang='lat' dir='ltr'><strong>sd</strong></span> <span class='ocrx_word' id='word_1_16' title='bbox 314 563 391 655; x_wconf 85' lang='lat' dir='ltr'><strong>ejus</strong></span> <span class='ocrx_word' id='word_1_17' title='bbox 420 563 625 634; x_wconf 72' lang='lat' dir='ltr'><strong>instantiam</strong></span> <span class='ocrx_word' id='word_1_18' title='bbox 651 561 785 655; x_wconf 81' lang='lat' dir='ltr'><strong>aliquid</strong></span> <span class='ocrx_word' id='word_1_19' title='bbox 810 563 877 634; x_wconf 90' lang='lat' dir='ltr'><strong>sibi</strong></span> <span class='ocrx_word' id='word_1_20' title='bbox 903 564 1073 656; x_wconf 73' lang='lat' dir='ltr'><strong>prodeoee</strong></span> <span class='ocrx_word' id='word_1_21' title='bbox 1098 575 1192 659; x_wconf 85' lang='lat' dir='ltr'><strong>pote-</strong></span> 
     </span>
     <span class='ocr_line' id='line_1_4' title="bbox 144 687 236 749; baseline 0 -1"><span class='ocrx_word' id='word_1_22' title='bbox 144 687 236 749; x_wconf 84' lang='lat' dir='ltr'><strong>runt.</strong></span> 
     </span>
    </p>

    <p class='ocr_par' dir='ltr' id='par_1_3' title="bbox 225 756 989 862">
     <span class='ocr_line' id='line_1_5' title="bbox 225 756 989 862; baseline 0.001 -23"><span class='ocrx_word' id='word_1_23' title='bbox 225 756 230 761; x_wconf 39' lang='lat'>⁵</span> <span class='ocrx_word' id='word_1_24' title='bbox 352 774 431 858; x_wconf 80' lang='lat' dir='ltr'><strong>Cep.</strong></span> <span class='ocrx_word' id='word_1_25' title='bbox 447 793 498 861; x_wconf 82' lang='lat'><strong>29.</strong></span> <span class='ocrx_word' id='word_1_26' title='bbox 520 775 624 840; x_wconf 80' lang='lat' dir='ltr'><strong>Pena</strong></span> <span class='ocrx_word' id='word_1_27' title='bbox 638 774 755 839; x_wconf 75' lang='lat' dir='ltr'><strong>testium</strong></span> <span class='ocrx_word' id='word_1_28' title='bbox 762 775 989 862; x_wconf 56' lang='lat' dir='ltr'><strong>poematium,</strong></span> 
     </span>
    </p>

    <p class='ocr_par' dir='ltr' id='par_1_4' title="bbox 144 912 1193 1583">
     <span class='ocr_line' id='line_1_6' title="bbox 195 912 1192 1006; baseline 0.003 -22"><span class='ocrx_word' id='word_1_29' title='bbox 195 912 234 985; x_wconf 87' lang='lat' dir='ltr'><strong>Si</strong></span> <span class='ocrx_word' id='word_1_30' title='bbox 251 914 330 1006; x_wconf 90' lang='lat' dir='ltr'><strong>quis</strong></span> <span class='ocrx_word' id='word_1_31' title='bbox 345 913 493 1006; x_wconf 80' lang='lat' dir='ltr'><strong>posthac</strong></span> <span class='ocrx_word' id='word_1_32' title='bbox 509 913 599 984; x_wconf 84' lang='lat' dir='ltr'><strong>odeo</strong></span> <span class='ocrx_word' id='word_1_33' title='bbox 615 912 721 983; x_wconf 88' lang='lat' dir='ltr'><strong>officii</strong></span> <span class='ocrx_word' id='word_1_34' title='bbox 739 913 793 984; x_wconf 87' lang='lat' dir='ltr'><strong>sui</strong></span> <span class='ocrx_word' id='word_1_35' title='bbox 812 913 1003 985; x_wconf 90' lang='lat' dir='ltr'><strong>immemor</strong></span> <span class='ocrx_word' id='word_1_36' title='bbox 1019 913 1138 999; x_wconf 71' lang='lat' dir='ltr'><strong>fuerit,</strong></span> <span class='ocrx_word' id='word_1_37' title='bbox 1154 926 1192 987; x_wconf 86' lang='lat' dir='ltr'><strong>nt</strong></span> 
     </span>
     <span class='ocr_line' id='line_1_7' title="bbox 144 1025 1193 1120; baseline 0.001 -20"><span class='ocrx_word' id='word_1_38' title='bbox 144 1029 263 1120; x_wconf 81' lang='lat' dir='ltr'><strong>alique</strong></span> <span class='ocrx_word' id='word_1_39' title='bbox 296 1025 400 1099; x_wconf 82' lang='lat' dir='ltr'><strong>caeca¹</strong></span> <span class='ocrx_word' id='word_1_40' title='bbox 428 1027 617 1099; x_wconf 83' lang='lat' dir='ltr'><strong>affectione</strong></span> <span class='ocrx_word' id='word_1_41' title='bbox 645 1029 773 1099; x_wconf 88' lang='lat' dir='ltr'><strong>ductus</strong></span> <span class='ocrx_word' id='word_1_42' title='bbox 806 1027 894 1099; x_wconf 78' lang='lat' dir='ltr'><strong>false</strong></span> <span class='ocrx_word' id='word_1_43' title='bbox 922 1037 988 1099; x_wconf 82' lang='lat' dir='ltr'><strong>sut</strong></span> <span class='ocrx_word' id='word_1_44' title='bbox 1022 1028 1193 1101; x_wconf 75' lang='lat' dir='ltr'><strong>multum2</strong></span> 
     </span>
     <span class='ocr_line' id='line_1_8' title="bbox 145 1143 1193 1234; baseline 0.006 -22"><span class='ocrx_word' id='word_1_45' title='bbox 145 1145 240 1217; x_wconf 80' lang='lat' dir='ltr'><strong>veria</strong></span> <span class='ocrx_word' id='word_1_46' title='bbox 264 1144 458 1215; x_wconf 83' lang='lat' dir='ltr'><strong>reddidisse</strong></span> <span class='ocrx_word' id='word_1_47' title='bbox 484 1143 768 1234; x_wconf 81' lang='lat' dir='ltr'><strong>deprehendatur</strong></span> <span class='ocrx_word' id='word_1_48' title='bbox 792 1143 1059 1228; x_wconf 65' lang='lat' dir='ltr'><strong>testimoninis</strong></span> <span class='ocrx_word' id='word_1_49' title='bbox 1081 1154 1193 1217; x_wconf 77' lang='lat' dir='ltr'><strong>extro·</strong></span> 
     </span>
     <span class='ocr_line' id='line_1_9' title="bbox 144 1257 1192 1353; baseline 0.002 -22"><span class='ocrx_word' id='word_1_50' title='bbox 144 1258 319 1331; x_wconf 84' lang='lat' dir='ltr'><strong>ordinarie</strong></span> <span class='ocrx_word' id='word_1_51' title='bbox 347 1281 411 1352; x_wconf 89' lang='lat' dir='ltr'><strong>pro</strong></span> <span class='ocrx_word' id='word_1_52' title='bbox 440 1257 586 1328; x_wconf 79' lang='lat' dir='ltr'><strong>arbitrio</strong></span> <span class='ocrx_word' id='word_1_53' title='bbox 613 1257 755 1349; x_wconf 87' lang='lat' dir='ltr'><strong>judicis,</strong></span> <span class='ocrx_word' id='word_1_54' title='bbox 783 1279 890 1349; x_wconf 90' lang='lat' dir='ltr'><strong>quem</strong></span> <span class='ocrx_word' id='word_1_55' title='bbox 925 1258 964 1329; x_wconf 91' lang='lat' dir='ltr'><strong>in</strong></span> <span class='ocrx_word' id='word_1_56' title='bbox 998 1258 1070 1331; x_wconf 83' lang='lat' dir='ltr'><strong>huc</strong></span> <span class='ocrx_word' id='word_1_57' title='bbox 1098 1271 1192 1353; x_wconf 80' lang='lat' dir='ltr'><strong>perte</strong></span> 
     </span>
     <span class='ocr_line' id='line_1_10' title="bbox 145 1372 1192 1467; baseline 0.004 -22"><span class='ocrx_word' id='word_1_58' title='bbox 145 1374 340 1457; x_wconf 73' lang='lat' dir='ltr'><strong>offenderit</strong></span> <span class='ocrx_word' id='word_1_59' title='bbox 366 1373 543 1467; x_wconf 88' lang='lat' dir='ltr'><strong>punietur.</strong></span> <span class='ocrx_word' id='word_1_60' title='bbox 594 1372 841 1465; x_wconf 88' lang='lat' dir='ltr'><strong>Volumusqne</strong></span> <span class='ocrx_word' id='word_1_61' title='bbox 866 1396 992 1446; x_wconf 90' lang='lat' dir='ltr'><strong>omnes</strong></span> <span class='ocrx_word' id='word_1_62' title='bbox 1017 1376 1192 1449; x_wconf 84' lang='lat' dir='ltr'><strong>ministros</strong></span> 
     </span>
     <span class='ocr_line' id='line_1_11' title="bbox 144 1489 1192 1583; baseline 0.002 -23"><span class='ocrx_word' id='word_1_63' title='bbox 144 1500 282 1561; x_wconf 92' lang='lat' dir='ltr'><strong>nostros</strong></span> <span class='ocrx_word' id='word_1_64' title='bbox 295 1490 332 1559; x_wconf 92' lang='lat' dir='ltr'><strong>in</strong></span> <span class='ocrx_word' id='word_1_65' title='bbox 349 1490 562 1561; x_wconf 85' lang='lat' dir='ltr'><strong>executione</strong></span> <span class='ocrx_word' id='word_1_66' title='bbox 574 1511 757 1583; x_wconf 80' lang='lat' dir='ltr'><strong>poenorum</strong></span> <span class='ocrx_word' id='word_1_67' title='bbox 768 1489 973 1582; x_wconf 79' lang='lat' dir='ltr'><strong>hujusmodi</strong></span> <span class='ocrx_word' id='word_1_68' title='bbox 987 1491 1088 1564; x_wconf 72' lang='lat' dir='ltr'><strong>falsis</strong></span> <span class='ocrx_word' id='word_1_69' title='bbox 1100 1494 1192 1563; x_wconf 88' lang='lat' dir='ltr'><strong>testi·</strong></span> 
     </span>
    </p>

    <p class='ocr_par' dir='ltr' id='par_1_5' title="bbox 120 1601 1190 1926">
     <span class='ocr_line' id='line_1_12' title="bbox 120 1601 1190 1699; baseline 0.004 -25"><span class='ocrx_word' id='word_1_70' title='bbox 120 1616 128 1631; x_wconf 89' lang='lat'><strong>·</strong></span> <span class='ocrx_word' id='word_1_71' title='bbox 144 1604 211 1674; x_wconf 92' lang='lat' dir='ltr'><strong>bus</strong></span> <span class='ocrx_word' id='word_1_72' title='bbox 228 1602 455 1682; x_wconf 81' lang='lat' dir='ltr'><strong>inflicturum,</strong></span> <span class='ocrx_word' id='word_1_73' title='bbox 473 1602 546 1672; x_wconf 87' lang='lat' dir='ltr'><strong>sive</strong></span> <span class='ocrx_word' id='word_1_74' title='bbox 563 1601 844 1697; x_wconf 84' lang='lat' dir='ltr'><strong>infligendumm,</strong></span> <span class='ocrx_word' id='word_1_75' title='bbox 862 1604 907 1675; x_wconf 85' lang='lat' dir='ltr'><strong>ed</strong></span> <span class='ocrx_word' id='word_1_76' title='bbox 926 1607 1190 1699; x_wconf 77' lang='lat' dir='ltr'><strong>requisitionem</strong></span> 
     </span>
     <span class='ocr_line' id='line_1_13' title="bbox 145 1717 1188 1815; baseline 0.006 -27"><span class='ocrx_word' id='word_1_77' title='bbox 145 1719 321 1788; x_wconf 87' lang='lat' dir='ltr'><strong>dictorum</strong></span> <span class='ocrx_word' id='word_1_78' title='bbox 340 1717 503 1810; x_wconf 88' lang='lat' dir='ltr'><strong>judicum</strong></span> <span class='ocrx_word' id='word_1_79' title='bbox 521 1725 704 1810; x_wconf 87' lang='lat' dir='ltr'><strong>promptos</strong></span> <span class='ocrx_word' id='word_1_80' title='bbox 726 1740 768 1788; x_wconf 83' lang='lat' dir='ltr'><strong>oc</strong></span> <span class='ocrx_word' id='word_1_81' title='bbox 785 1728 928 1812; x_wconf 79' lang='lat' dir='ltr'><strong>puratos</strong></span> <span class='ocrx_word' id='word_1_82' title='bbox 950 1743 1096 1815; x_wconf 85' lang='lat' dir='ltr'><strong>semper</strong></span> <span class='ocrx_word' id='word_1_83' title='bbox 1111 1745 1188 1806; x_wconf 87' lang='lat' dir='ltr'><strong>esse,</strong></span> 
     </span>
     <span class='ocr_line' id='line_1_14' title="bbox 145 1834 585 1926; baseline -0.005 -22"><span class='ocrx_word' id='word_1_84' title='bbox 145 1834 211 1905; x_wconf 92' lang='lat' dir='ltr'><strong>sub</strong></span> <span class='ocrx_word' id='word_1_85' title='bbox 228 1856 332 1926; x_wconf 85' lang='lat' dir='ltr'><strong>poena</strong></span> <span class='ocrx_word' id='word_1_86' title='bbox 348 1841 585 1925; x_wconf 85' lang='lat' dir='ltr'><strong>contemptus.</strong></span> 
     </span>
    </p>
   </div>
   <div class='ocr_carea' id='block_1_3' title="bbox 162 2042 1171 2131">
    <p class='ocr_par' dir='ltr' id='par_1_6' title="bbox 162 2042 1171 2131">
     <span class='ocr_line' id='line_1_15' title="bbox 162 2042 1171 2131; baseline 0.005 -20"><span class='ocrx_word' id='word_1_87' title='bbox 162 2047 240 2131; x_wconf 81' lang='lat' dir='ltr'>Cap.</span> <span class='ocrx_word' id='word_1_88' title='bbox 249 2063 303 2130; x_wconf 85' lang='lat'><strong>30.</strong></span> <span class='ocrx_word' id='word_1_89' title='bbox 330 2042 462 2115; x_wconf 78' lang='lat' dir='ltr'><strong>Quando</strong></span> <span class='ocrx_word' id='word_1_90' title='bbox 476 2044 558 2109; x_wconf 78' lang='lat' dir='ltr'><strong>tertio</strong></span> <span class='ocrx_word' id='word_1_91' title='bbox 572 2044 719 2109; x_wconf 72' lang='lat' dir='ltr'><strong>tutiorem</strong></span> <span class='ocrx_word' id='word_1_92' title='bbox 732 2044 782 2109; x_wconf 79' lang='lat' dir='ltr'><strong>rui</strong></span> <span class='ocrx_word' id='word_1_93' title='bbox 795 2044 873 2110; x_wconf 76' lang='lat' dir='ltr'><strong>dicti</strong></span> <span class='ocrx_word' id='word_1_94' title='bbox 886 2046 1014 2112; x_wconf 49' lang='grc' dir='ltr'><strong>ηψπ</strong></span> <span class='ocrx_word' id='word_1_95' title='bbox 1028 2058 1171 2115; x_wconf 70' lang='lat' dir='ltr'><strong>mmor.</strong></span> 
     </span>
    </p>
   </div>
   <div class='ocr_carea' id='block_1_4' title="bbox 146 2180 1193 2740">
    <p class='ocr_par' dir='ltr' id='par_1_7' title="bbox 146 2180 1193 2740">
     <span class='ocr_line' id='line_1_16' title="bbox 192 2180 1191 2285; baseline 0.008 -32"><span class='ocrx_word' id='word_1_96' title='bbox 192 2185 307 2255; x_wconf 83' lang='lat' dir='ltr'><strong>Testis</strong></span> <span class='ocrx_word' id='word_1_97' title='bbox 324 2184 360 2252; x_wconf 90' lang='lat' dir='ltr'><strong>in</strong></span> <span class='ocrx_word' id='word_1_98' title='bbox 379 2180 536 2254; x_wconf 79' lang='lat' dir='ltr'><strong>actibus³</strong></span> <span class='ocrx_word' id='word_1_99' title='bbox 552 2184 716 2255; x_wconf 87' lang='lat' dir='ltr'><strong>omnibus</strong></span> <span class='ocrx_word' id='word_1_100' title='bbox 739 2207 843 2256; x_wconf 88' lang='lat' dir='ltr'><strong>sensu</strong></span> <span class='ocrx_word' id='word_1_101' title='bbox 864 2207 1036 2280; x_wconf 89' lang='lat' dir='ltr'><strong>corporeo</strong></span> <span class='ocrx_word' id='word_1_102' title='bbox 1053 2211 1191 2285; x_wconf 85' lang='lat' dir='ltr'><strong>percep·</strong></span> 
     </span>
     <span class='ocr_line' id='line_1_17' title="bbox 147 2297 1190 2396; baseline 0.005 -26"><span class='ocrx_word' id='word_1_103' title='bbox 147 2297 322 2371; x_wconf 81' lang='lat' dir='ltr'><strong>tibilibus⁴</strong></span> <span class='ocrx_word' id='word_1_104' title='bbox 343 2299 450 2370; x_wconf 89' lang='lat' dir='ltr'><strong>debet</strong></span> <span class='ocrx_word' id='word_1_105' title='bbox 472 2300 620 2370; x_wconf 87' lang='lat' dir='ltr'><strong>reddere</strong></span> <span class='ocrx_word' id='word_1_106' title='bbox 638 2299 810 2372; x_wconf 81' lang='lat' dir='ltr'><strong>rationem</strong></span> <span class='ocrx_word' id='word_1_107' title='bbox 827 2301 915 2372; x_wconf 90' lang='lat' dir='ltr'><strong>dicti</strong></span> <span class='ocrx_word' id='word_1_108' title='bbox 933 2303 989 2373; x_wconf 90' lang='lat' dir='ltr'><strong>sui</strong></span> <span class='ocrx_word' id='word_1_109' title='bbox 1008 2326 1074 2396; x_wconf 90' lang='lat' dir='ltr'><strong>per</strong></span> <span class='ocrx_word' id='word_1_110' title='bbox 1095 2303 1190 2375; x_wconf 85' lang='lat' dir='ltr'><strong>illurn</strong></span> 
     </span>
     <span class='ocr_line' id='line_1_18' title="bbox 146 2415 1191 2512; baseline 0.002 -25"><span class='ocrx_word' id='word_1_111' title='bbox 146 2438 288 2487; x_wconf 91' lang='lat' dir='ltr'><strong>sensum</strong></span> <span class='ocrx_word' id='word_1_112' title='bbox 317 2416 369 2486; x_wconf 84' lang='lat' dir='ltr'><strong>ite</strong></span> <span class='ocrx_word' id='word_1_113' title='bbox 398 2415 542 2485; x_wconf 89' lang='lat' dir='ltr'><strong>demum</strong></span> <span class='ocrx_word' id='word_1_114' title='bbox 572 2415 601 2485; x_wconf 86' lang='lat' dir='ltr'><strong>si</strong></span> <span class='ocrx_word' id='word_1_115' title='bbox 631 2415 739 2486; x_wconf 86' lang='lat' dir='ltr'><strong>fuerit</strong></span> <span class='ocrx_word' id='word_1_116' title='bbox 765 2416 1014 2512; x_wconf 76' lang='lat' dir='ltr'><strong>interrogatus.</strong></span> <span class='ocrx_word' id='word_1_117' title='bbox 1076 2418 1191 2491; x_wconf 85' lang='lat' dir='ltr'><strong>Atin</strong></span> 
     </span>
     <span class='ocr_line' id='line_1_19' title="bbox 147 2529 1193 2624; baseline 0.007 -25"><span class='ocrx_word' id='word_1_118' title='bbox 147 2531 251 2600; x_wconf 91' lang='lat' dir='ltr'><strong>rebus</strong></span> <span class='ocrx_word' id='word_1_119' title='bbox 271 2530 430 2602; x_wconf 84' lang='lat' dir='ltr'><strong>sensibus</strong></span> <span class='ocrx_word' id='word_1_120' title='bbox 452 2529 653 2621; x_wconf 89' lang='lat' dir='ltr'><strong>hujusmodi</strong></span> <span class='ocrx_word' id='word_1_121' title='bbox 671 2552 743 2601; x_wconf 90' lang='lat' dir='ltr'><strong>non</strong></span> <span class='ocrx_word' id='word_1_122' title='bbox 766 2531 943 2624; x_wconf 86' lang='lat' dir='ltr'><strong>subjectis,</strong></span> <span class='ocrx_word' id='word_1_123' title='bbox 961 2533 1073 2604; x_wconf 90' lang='lat' dir='ltr'><strong>debet</strong></span> <span class='ocrx_word' id='word_1_124' title='bbox 1093 2536 1193 2606; x_wconf 84' lang='lat' dir='ltr'><strong>ratio·</strong></span> 
     </span>
     <span class='ocr_line' id='line_1_20' title="bbox 147 2646 747 2740; baseline 0.002 -25"><span class='ocrx_word' id='word_1_125' title='bbox 147 2670 229 2718; x_wconf 91' lang='lat' dir='ltr'><strong>nem</strong></span> <span class='ocrx_word' id='word_1_126' title='bbox 247 2646 394 2717; x_wconf 86' lang='lat' dir='ltr'><strong>reddere</strong></span> <span class='ocrx_word' id='word_1_127' title='bbox 412 2669 483 2714; x_wconf 88' lang='lat' dir='ltr'><strong>non</strong></span> <span class='ocrx_word' id='word_1_128' title='bbox 500 2647 747 2740; x_wconf 83' lang='lat' dir='ltr'><strong>interrogatus.</strong></span> 
     </span>
    </p>
   </div>
   <div class='ocr_carea' id='block_1_5' title="bbox 334 2854 1007 2941">
    <p class='ocr_par' dir='ltr' id='par_1_8' title="bbox 334 2854 1007 2941">
     <span class='ocr_line' id='line_1_21' title="bbox 334 2854 1007 2941; baseline 0.003 -20"><span class='ocrx_word' id='word_1_129' title='bbox 334 2856 412 2941; x_wconf 80' lang='lat' dir='ltr'><strong>Gap.</strong></span> <span class='ocrx_word' id='word_1_130' title='bbox 425 2877 477 2941; x_wconf 85' lang='lat'><strong>31.</strong></span> <span class='ocrx_word' id='word_1_131' title='bbox 501 2857 550 2920; x_wconf 80' lang='lat' dir='ltr'><strong>De</strong></span> <span class='ocrx_word' id='word_1_132' title='bbox 564 2854 684 2921; x_wconf 70' lang='lat' dir='ltr'><strong>testibus</strong></span> <span class='ocrx_word' id='word_1_133' title='bbox 699 2856 1007 2941; x_wconf 72' lang='lat' dir='ltr'><strong>extrcjudicicliduo.</strong></span> 
     </span>
    </p>
   </div>
   <div class='ocr_carea' id='block_1_6' title="bbox 143 2994 1196 3529">
    <p class='ocr_par' dir='ltr' id='par_1_9' title="bbox 143 2994 1196 3529">
     <span class='ocr_line' id='line_1_22' title="bbox 198 2994 1193 3089; baseline 0.003 -25"><span class='ocrx_word' id='word_1_134' title='bbox 198 2995 346 3066; x_wconf 83' lang='lat' dir='ltr'><strong>Dictum</strong></span> <span class='ocrx_word' id='word_1_135' title='bbox 375 2995 476 3065; x_wconf 89' lang='lat' dir='ltr'><strong>testis</strong></span> <span class='ocrx_word' id='word_1_136' title='bbox 496 2994 667 3086; x_wconf 81' lang='lat' dir='ltr'><strong>judiciale</strong></span> <span class='ocrx_word' id='word_1_137' title='bbox 696 3018 768 3065; x_wconf 91' lang='lat' dir='ltr'><strong>non</strong></span> <span class='ocrx_word' id='word_1_138' title='bbox 793 2994 932 3066; x_wconf 91' lang='lat' dir='ltr'><strong>tollitur</strong></span> <span class='ocrx_word' id='word_1_139' title='bbox 960 3019 1025 3089; x_wconf 91' lang='lat' dir='ltr'><strong>per</strong></span> <span class='ocrx_word' id='word_1_140' title='bbox 1056 2996 1193 3068; x_wconf 89' lang='lat' dir='ltr'><strong>dictum</strong></span> 
     </span>
     <span class='ocr_line' id='line_1_23' title="bbox 147 3110 1194 3205; baseline 0.003 -23"><span class='ocrx_word' id='word_1_141' title='bbox 147 3134 252 3182; x_wconf 87' lang='lat' dir='ltr'><strong>suum</strong></span> <span class='ocrx_word' id='word_1_142' title='bbox 277 3110 544 3205; x_wconf 83' lang='lat' dir='ltr'><strong>extrejndiciale</strong></span> <span class='ocrx_word' id='word_1_143' title='bbox 574 3112 814 3194; x_wconf 66' lang='lat' dir='ltr'><strong>contrarium</strong></span> <span class='ocrx_word' id='word_1_144' title='bbox 848 3113 911 3183; x_wconf 91' lang='lat' dir='ltr'><strong>sed</strong></span> <span class='ocrx_word' id='word_1_145' title='bbox 937 3113 1005 3183; x_wconf 92' lang='lat' dir='ltr'><strong>nisi</strong></span> <span class='ocrx_word' id='word_1_146' title='bbox 1038 3112 1194 3205; x_wconf 78' lang='lat' dir='ltr'><strong>aliquam</strong></span> 
     </span>
     <span class='ocr_line' id='line_1_24' title="bbox 143 3227 1196 3322; baseline 0.006 -28"><span class='ocrx_word' id='word_1_147' title='bbox 143 3228 275 3318; x_wconf 82' lang='lat' dir='ltr'><strong>justam</strong></span> <span class='ocrx_word' id='word_1_148' title='bbox 305 3228 487 3305; x_wconf 80' lang='lat' dir='ltr'><strong>rationem,</strong></span> <span class='ocrx_word' id='word_1_149' title='bbox 516 3227 609 3317; x_wconf 92' lang='lat' dir='ltr'><strong>quod</strong></span> <span class='ocrx_word' id='word_1_150' title='bbox 645 3235 718 3297; x_wconf 86' lang='lat' dir='ltr'><strong>tem</strong></span> <span class='ocrx_word' id='word_1_151' title='bbox 748 3229 843 3297; x_wconf 82' lang='lat' dir='ltr'><strong>veria</strong></span> <span class='ocrx_word' id='word_1_152' title='bbox 872 3238 936 3297; x_wconf 84' lang='lat' dir='ltr'><strong>aut</strong></span> <span class='ocrx_word' id='word_1_153' title='bbox 961 3231 1196 3322; x_wconf 78' lang='lat' dir='ltr'><strong>repugnantis</strong></span> 
     </span>
     <span class='ocr_line' id='line_1_25' title="bbox 148 3342 1195 3436; baseline 0.006 -26"><span class='ocrx_word' id='word_1_154' title='bbox 148 3342 336 3433; x_wconf 84' lang='lat' dir='ltr'><strong>protulerit</strong></span> <span class='ocrx_word' id='word_1_155' title='bbox 369 3342 583 3423; x_wconf 86' lang='lat' dir='ltr'><strong>testimonie,</strong></span> <span class='ocrx_word' id='word_1_156' title='bbox 613 3342 762 3413; x_wconf 86' lang='lat' dir='ltr'><strong>reddere</strong></span> <span class='ocrx_word' id='word_1_157' title='bbox 792 3342 887 3413; x_wconf 91' lang='lat' dir='ltr'><strong>idern</strong></span> <span class='ocrx_word' id='word_1_158' title='bbox 918 3345 1021 3413; x_wconf 84' lang='lat' dir='ltr'><strong>testis</strong></span> <span class='ocrx_word' id='word_1_159' title='bbox 1054 3346 1195 3436; x_wconf 79' lang='lat' dir='ltr'><strong>poterit</strong></span> 
     </span>
     <span class='ocr_line' id='line_1_26' title="bbox 148 3457 751 3529; baseline 0 -3"><span class='ocrx_word' id='word_1_160' title='bbox 148 3457 303 3528; x_wconf 89' lang='lat' dir='ltr'><strong>multum</strong></span> <span class='ocrx_word' id='word_1_161' title='bbox 321 3458 404 3528; x_wconf 86' lang='lat' dir='ltr'><strong>fidei</strong></span> <span class='ocrx_word' id='word_1_162' title='bbox 422 3457 516 3528; x_wconf 92' lang='lat' dir='ltr'><strong>illius</strong></span> <span class='ocrx_word' id='word_1_163' title='bbox 534 3458 751 3529; x_wconf 83' lang='lat' dir='ltr'><strong>detrahetur.</strong></span> 
     </span>
    </p>
   </div>
   <div class='ocr_carea' id='block_1_7' title="bbox 314 3668 1022 3755">
    <p class='ocr_par' dir='ltr' id='par_1_10' title="bbox 314 3668 1022 3755">
     <span class='ocr_line' id='line_1_27' title="bbox 314 3668 1022 3755; baseline -0.001 -22"><span class='ocrx_word' id='word_1_164' title='bbox 314 3668 392 3753; x_wconf 77' lang='lat' dir='ltr'><strong>Gap.</strong></span> <span class='ocrx_word' id='word_1_165' title='bbox 404 3687 457 3753; x_wconf 82' lang='lat'><strong>32.</strong></span> <span class='ocrx_word' id='word_1_166' title='bbox 484 3668 619 3734; x_wconf 80' lang='lat' dir='ltr'><strong>Testidus</strong></span> <span class='ocrx_word' id='word_1_167' title='bbox 632 3689 769 3755; x_wconf 69' lang='lat' dir='ltr'><strong>copem</strong></span> <span class='ocrx_word' id='word_1_168' title='bbox 782 3677 852 3732; x_wconf 64' lang='lat' dir='ltr'><strong>sumt</strong></span> <span class='ocrx_word' id='word_1_169' title='bbox 866 3668 1022 3733; x_wconf 75' lang='lat' dir='ltr'><strong>solvende.</strong></span> 
     </span>
    </p>
   </div>
   <div class='ocr_carea' id='block_1_8' title="bbox 148 3807 1202 4133">
    <p class='ocr_par' dir='ltr' id='par_1_11' title="bbox 148 3807 1202 4133">
     <span class='ocr_line' id='line_1_28' title="bbox 199 3807 1200 3901; baseline 0 -24"><span class='ocrx_word' id='word_1_170' title='bbox 199 3807 490 3897; x_wconf 80' lang='lat' dir='ltr'><strong>Quotiescunque</strong></span> <span class='ocrx_word' id='word_1_171' title='bbox 516 3815 663 3880; x_wconf 84' lang='lat' dir='ltr'><strong>testesn</strong></span> <span class='ocrx_word' id='word_1_172' title='bbox 683 3809 755 3879; x_wconf 89' lang='lat' dir='ltr'><strong>suis</strong></span> <span class='ocrx_word' id='word_1_173' title='bbox 780 3808 934 3901; x_wconf 84' lang='lat' dir='ltr'><strong>negotiis</strong></span> <span class='ocrx_word' id='word_1_174' title='bbox 958 3830 1022 3899; x_wconf 92' lang='lat' dir='ltr'><strong>pro</strong></span> <span class='ocrx_word' id='word_1_175' title='bbox 1049 3808 1200 3877; x_wconf 85' lang='lat' dir='ltr'><strong>ferendo</strong></span> 
     </span>
     <span class='ocr_line' id='line_1_29' title="bbox 148 3921 1201 4014; baseline 0 -20"><span class='ocrx_word' id='word_1_176' title='bbox 148 3924 354 3994; x_wconf 88' lang='lat' dir='ltr'><strong>testimonio</strong></span> <span class='ocrx_word' id='word_1_177' title='bbox 386 3921 610 4006; x_wconf 82' lang='lat' dir='ltr'><strong>evocentur5,</strong></span> <span class='ocrx_word' id='word_1_178' title='bbox 648 3925 683 3994; x_wconf 92' lang='lat' dir='ltr'><strong>id</strong></span> <span class='ocrx_word' id='word_1_179' title='bbox 720 3923 797 3993; x_wconf 87' lang='lat' dir='ltr'><strong>fieri</strong></span> <span class='ocrx_word' id='word_1_180' title='bbox 831 3922 995 3991; x_wconf 85' lang='lat' dir='ltr'><strong>volumus</strong></span> <span class='ocrx_word' id='word_1_181' title='bbox 1033 3923 1201 4014; x_wconf 85' lang='lat' dir='ltr'><strong>expensis</strong></span> 
     </span>
     <span class='ocr_line' id='line_1_30' title="bbox 149 4038 1202 4133; baseline 0.004 -26"><span class='ocrx_word' id='word_1_182' title='bbox 149 4041 257 4131; x_wconf 81' lang='lat' dir='ltr'><strong>partis</strong></span> <span class='ocrx_word' id='word_1_183' title='bbox 275 4061 334 4108; x_wconf 89' lang='lat' dir='ltr'><strong>eos</strong></span> <span class='ocrx_word' id='word_1_184' title='bbox 353 4039 588 4131; x_wconf 86' lang='lat' dir='ltr'><strong>producentis,</strong></span> <span class='ocrx_word' id='word_1_185' title='bbox 607 4041 668 4131; x_wconf 92' lang='lat' dir='ltr'><strong>qui</strong></span> <span class='ocrx_word' id='word_1_186' title='bbox 685 4062 858 4132; x_wconf 84' lang='lat' dir='ltr'><strong>expensus</strong></span> <span class='ocrx_word' id='word_1_187' title='bbox 876 4038 1018 4109; x_wconf 87' lang='lat' dir='ltr'><strong>illorum</strong></span> <span class='ocrx_word' id='word_1_188' title='bbox 1038 4047 1202 4133; x_wconf 83' lang='lat' dir='ltr'><strong>tempore</strong></span> 
     </span>
    </p>
   </div>
   <div class='ocr_carea' id='block_1_9' title="bbox 314 4197 1034 4376">
    <p class='ocr_par' dir='ltr' id='par_1_12' title="bbox 314 4197 1034 4376">
     <span class='ocr_line' id='line_1_31' title="bbox 314 4197 1034 4262; baseline -0.004 0"><span class='ocrx_word' id='word_1_189' title='bbox 314 4211 321 4248; x_wconf 90' lang='lat'>¹</span> <span class='ocrx_word' id='word_1_190' title='bbox 338 4224 413 4262; x_wconf 85' lang='lat' dir='ltr'><strong>caece</strong></span> <span class='ocrx_word' id='word_1_191' title='bbox 427 4223 477 4259; x_wconf 87' lang='lat' dir='ltr'><strong>om.</strong></span> <span class='ocrx_word' id='word_1_192' title='bbox 641 4199 654 4236; x_wconf 67' lang='lat'><em>³</em></span> <span class='ocrx_word' id='word_1_193' title='bbox 668 4205 767 4262; x_wconf 81' lang='lat' dir='ltr'><strong>multo.</strong></span> <span class='ocrx_word' id='word_1_194' title='bbox 929 4197 942 4235; x_wconf 83' lang='lat'><strong>³</strong></span> <span class='ocrx_word' id='word_1_195' title='bbox 955 4203 1034 4260; x_wconf 83' lang='lat' dir='ltr'><strong>sctis.</strong></span> 
     </span>
     <span class='ocr_line' id='line_1_32' title="bbox 393 4299 949 4376; baseline 0.002 -19"><span class='ocrx_word' id='word_1_196' title='bbox 393 4299 406 4343; x_wconf 79' lang='lat'><strong>⁴¹</strong></span> <span class='ocrx_word' id='word_1_197' title='bbox 422 4300 629 4376; x_wconf 83' lang='lat' dir='ltr'><strong>perceptilibus.</strong></span> <span class='ocrx_word' id='word_1_198' title='bbox 756 4300 770 4342; x_wconf 77' lang='lat'>⁵</span> <span class='ocrx_word' id='word_1_199' title='bbox 786 4309 949 4359; x_wconf 83' lang='lat' dir='ltr'><strong>avocantur.</strong></span> 
     </span>
    </p>
   </div>
   <div class='ocr_carea' id='block_1_10' title="bbox 0 0 1353 4800">
    <p class='ocr_par' dir='ltr' id='par_1_13' title="bbox 0 0 1353 4800">
     <span class='ocr_line' id='line_1_33' title="bbox 0 0 1353 4800; baseline 0 0"><span class='ocrx_word' id='word_1_200' title='bbox 0 0 1353 4800; x_wconf 95' lang='lat' dir='ltr'><strong> </strong></span> 
     </span>
    </p>
   </div>
  </div>
 </body>
</html>
