2692 4800
452 282 614 342 TABULA
631 278 884 339 TITULORUM.
1105 274 1195 332 xxxix

446 544 498 599 DE
516 538 899 600 DILAPIDATIONIBUS.

168 688 196 728 r.
217 669 253 727 ln
273 668 397 745 propriis
420 668 547 726 ecclesiis
567 665 745 743 proprietarii
766 663 870 720 debent
891 660 995 718 vicario
1017 660 1132 716 domum

246 766 398 843 providere
415 802 1092 824 ..................................
1114 775 1143 832 p.
1155 756 1193 813 80

167 883 196 922 a.
219 863 374 934 Quomodo
387 862 509 920 ruinosse
523 861 625 918 domus
638 859 696 916 siut
709 856 867 915 reficiendae
894 898 1122 914 ............
1156 853 1190 910 8ι

167 979 196 1036 3.
219 960 278 1031 Qui
292 960 377 1018 silvas
390 958 572 1017 ecclesiarum
586 963 699 1013 vastant
713 954 855 1030 quomodo
870 950 1031 1027 corrigendi
1045 952 1112 1008 sint.
1127 994 1133 1007 .
1157 950 1194 1007 ib.

165 1076 197 1130 4.
219 1057 265 1115 De
292 1056 347 1114 illis
371 1056 419 1131 qui
445 1055 600 1114 morientes
622 1051 740 1110 aedificia
762 1050 925 1125 relinquunt
949 1048 1064 1105 ruinosa
1085 1055 1133 1104 aut

248 1174 347 1214 eversa
366 1191 1124 1214 ......................................
1155 1146 1194 1205 ib.

167 1268 197 1328 5.
219 1253 321 1310 Ruina
342 1250 524 1309 edificiomm
545 1249 582 1306 ad
603 1248 736 1306 ecclesias
755 1245 939 1311 cathedrales,
959 1244 1088 1321 collegia,
1106 1253 1136 1301 et
1218 1296 1223 1307 ,

249 1348 429 1409 xenodochia
441 1348 653 1424 pertinentium,
668 1345 809 1421 quomodo
824 1342 1008 1402 resarciendae
1023 1351 1089 1400 sunt
1099 1388 1124 1404 ..
1156 1343 1193 1400 82

230 1569 283 1624 DE
301 1568 565 1626 ALIENATIONE
584 1567 632 1624 ET
650 1567 896 1624 ELOCATIONE
916 1565 1111 1622 BONORUM

475 1660 868 1718 ECCLESIASTICORUM.

168 1806 197 1845 s.
219 1785 303 1844 Nihil
318 1785 434 1843 alienari
447 1803 530 1861 posse
544 1785 580 1842 ab
589 1784 717 1842 Ecclesia
730 1786 790 1842 siue
805 1804 945 1843 consensu
959 1784 1093 1843 ordinarii
1107 1792 1144 1857 et

249 1882 362 1960 patrem
367 1926 1126 1942 ......................................
1156 1880 1193 1955 83

169 2000 198 2041 s.
220 1979 350 2038 Elocatio
365 1977 602 2055 quemadmodum
617 1978 678 2036 fieri
692 1979 793 2037 debeat
812 2023 1123 2039 ................
1155 1979 1193 2036 ib.

166 2097 197 2154 3.
219 2078 351 2148 Quatuor
364 2076 542 2135 alienationis
556 2095 647 2133 causae
653 2121 1125 2136 ........................
1157 2077 1195 2134 ib.

166 2194 197 2249 4.
219 2175 308 2233 Poena
320 2183 421 2232 contra
431 2174 511 2250 leges
526 2173 708 2231 alienantium
728 2219 1122 2233 ....................
1156 2175 1194 2247 84

143 2273 1121 2332 mammon
1156 2273 1193 2330 ib.

163 2494 217 2549 DE
237 2492 453 2549 BENEFICIIS
472 2491 777 2550 ECCLESIASTICIS
796 2494 886 2550 SINE
905 2494 1174 2551 DIMINUTIONE

531 2588 812 2646 CONFERENDIS.

172 2733 197 2772 r.
218 2714 315 2772 Nullae
328 2714 434 2771 debent
447 2732 510 2772 esse
527 2722 692 2772 mercaturis
706 2715 959 2775 ecclesiasticorum
974 2736 1133 2776 munerum.
1156 2718 1192 2793 85

168 2830 196 2870 a.
219 2811 384 2886 Quotnplex
397 2811 435 2868 ait
448 2819 608 2868 mercatura
621 2831 770 2869 munerum
784 2813 1038 2873 ecclesiasticorum
1056 2860 1081 2875 ..
1095 2862 1119 2873 ..
1153 2816 1193 2873 ib.

167 2927 198 2985 3.
219 2910 307 2966 Pacta
318 2909 349 2966 in
363 2909 526 2967 muneribus
541 2910 627 2967 sacris
642 2910 809 2986 interposita
822 2931 880 2969 non
894 2912 987 2970 valere
1015 2958 1119 2972 ......
1156 2915 1195 2972 86

166 3026 196 3081 4.
217 3007 369 3083 Inquisitio
382 3019 530 3082 pactorum
544 3008 634 3083 qualia
648 3026 711 3066 esse
725 3008 827 3067 debeat
855 3054 1125 3071 ..............
1156 3013 1194 3070 ib.

168 3122 197 3181 ς.
218 3104 388 3164 Ordiuarius
408 3124 445 3163 ex
465 3105 658 3180 probabilibus
678 3107 849 3182 conjecturis
866 3108 1067 3184 purgationem
1084 3110 1131 3184 ju-

249 3202 333 3260 dicet.
344 3244 1123 3265 .......................................
1156 3207 1193 3282 87

99 3288 102 3292 ¹
165 3300 197 3357 6.
217 3299 306 3357 Poena
319 3299 521 3375 paciscentium
536 3299 626 3374 qualis
639 3300 677 3357 sit
689 3344 1122 3363 ......................
1153 3304 1193 3362 ib.

466 3522 518 3578 DE
536 3523 686 3579 DlVlNlS
705 3523 876 3580 OFFlCllS.

172 3664 196 3703 r.
217 3644 262 3702 De
287 3632 464 3720 temporibus
492 3646 650 3704 divinorum
678 3646 834 3705 officiorum
861 3648 891 3704 in
925 3647 1133 3708 cathedralibus

248 3739 374 3798 ecclesiis
388 3747 417 3797 et
430 3741 558 3817 collegiis
575 3742 806 3801 celebrandorum
812 3787 1119 3802 ...............
1155 3744 1193 3801 88

170 3855 196 3894 a.
218 3838 275 3907 Qui
289 3836 392 3894 divinis
405 3838 504 3897 officiis
518 3839 653 3897 interesse
668 3840 790 3897 debeant
811 3885 1121 3900 ................
1153 3840 1193 3897 ib.

169 3954 197 4010 3.
219 3935 264 3993 De
277 3954 359 3993 sacra
370 3937 570 3995 communione
581 3936 804 3996 administranda
814 3938 843 3993 in
854 3937 1003 3995 dominicis
1013 3947 1042 3995 et
1053 3938 1133 3996 sestis

249 4024 353 4092 diebus
381 4079 1122 4095 .....................................
1156 4037 1194 4111 89

167 4149 196 4203 4.
218 4131 261 4188 De
275 4149 420 4190 motarum
435 4130 603 4189 concionum
617 4141 746 4207 tempore
770 4176 1121 4191 ..................
1153 4132 1193 4189 ib.

168 4242 195 4298 5.
219 4226 263 4284 Dc
287 4245 431 4283 sacrarum
459 4226 612 4284 lectionum
642 4226 879 4301 pronuntiatione,
904 4235 933 4283 ct
960 4227 1132 4302 psalmorum

247 4331 333 4379 cantu
366 4367 1124 4383 ......................................
1156 4324 1194 4380 ib.
