2640 4806
478 310 629 363 cunum
651 311 827 363 Junrcuu.
1107 300 1179 367 201

131 461 257 555 Atque
288 464 382 534 fama
412 463 470 535 vel
495 462 651 537 indiciis¹
681 474 801 558 potest
824 466 938 558 judex
970 469 1183 541 descendere

132 579 178 649 ad
202 579 479 670 inquisitionem.

484 791 667 858 Jarisdictic
682 793 828 880 delegata.
1194 789 1236 872 96

185 933 254 1004 Cui
273 934 476 1026 jurisdictio
496 935 580 1006 data
600 943 673 1019 est,
682 958 726 1006 ea
747 957 889 1027 quoque
914 957 1081 1006 concessa
1108 956 1184 1006 esse

134 1050 289 1132 videtur,
308 1051 384 1122 sine
406 1049 533 1141 quibus
544 1050 744 1142 jurisdictio
765 1049 933 1143 explicari
955 1073 1024 1120 non
1043 1051 1184 1142 potuit;

134 1173 173 1235 et
190 1164 271 1234 ideo
288 1174 408 1257 potest
426 1165 612 1259 delegatus
629 1175 746 1259 partes
766 1167 884 1247 citare,
903 1174 941 1235 et
958 1175 1186 1236 contumaces

134 1279 325 1351 severitate
348 1281 586 1353 ecclesiastica
608 1305 779 1363 coercere,
797 1280 935 1352 etiamsi
959 1279 1073 1350 literae
1091 1301 1187 1349 com·

135 1396 310 1467 missionis
327 1396 364 1466 id
381 1419 454 1468 non
470 1398 686 1467 contineant.

327 1607 516 1672 Jartrdictio
529 1608 731 1693 apocoporum
747 1614 775 1672 ct
780 1606 998 1692 probrum.

187 1745 357 1817 Habeant
383 1748 539 1840 episcopi
567 1747 605 1817 in
630 1749 701 1818 suis
731 1747 950 1831 dioecesibus,
976 1746 1098 1818 etalii
1130 1771 1187 1818 ec·

135 1862 322 1934 clesiarum
352 1863 489 1956 praelati
523 1862 560 1933 in
595 1864 666 1934 suis
693 1863 1008 1955 jurisdictionibus,
1038 1862 1186 1934 liberam

136 1985 352 2071 potestatem
371 1978 416 2049 de
438 1978 621 2050 adulteriis
643 1989 681 2050 st
700 1979 901 2060 sceleribus,
919 2002 995 2071 quae
1016 1980 1060 2049 ad
1083 2002 1186 2049 suum

137 2093 255 2164 forum
278 2095 470 2187 pertinent,
487 2095 699 2187 inquirendi,
716 2094 920 2179 ulciscendi,
936 2104 975 2166 et
992 2094 1187 2186 judicandi,

137 2209 270 2300 absque
293 2210 549 2302 impedimento
571 2210 729 2304 alicujus.
781 2210 831 2282 Et
854 2235 935 2282 cum
959 2233 1047 2303 opus
1069 2211 1187 2294 fuerit,

131 2324 308 2417 judicium
325 2335 522 2398 convocent
539 2326 706 2397 seculare.

537 2535 585 2598 Dc
600 2533 794 2618 bcoyicdicii.

191 2668 341 2753 Placuit,
372 2678 414 2740 ut
443 2671 629 2764 episcopus
656 2672 692 2740 in
719 2670 878 2762 quolibet
905 2670 983 2741 loco
1009 2692 1080 2740 suoe
1106 2670 1193 2740 diue·

139 2808 271 2868 ceseos,
297 2793 335 2855 et
364 2785 639 2869 archidiaconus,
669 2796 706 2857 et
737 2784 796 2856 alii
823 2785 956 2879 praelati
977 2785 1193 2878 jurisdictio-

139 2926 224 2974 nem
246 2902 420 2974 habentes
443 2903 480 2972 in
509 2903 596 2975 locis
619 2903 731 2974 solitis
757 2926 821 2996 per
847 2926 885 2974 se
913 2902 969 2972 vel
992 2926 1056 2994 per
1082 2902 1192 2972 alium

139 3021 264 3090 sedere
298 3042 362 3112 pro
396 3019 576 3104 tribunali,
609 3042 732 3091 causas
772 3019 1025 3092 ecclesiasticas
1060 3019 1191 3101 audire,

140 3133 425 3226 delinquentium
460 3156 626 3224 excessus
659 3138 844 3230 corrigere,
880 3144 916 3205 et
950 3143 1080 3216 cetera,
1114 3158 1193 3227 quae

140 3251 186 3321 ad
209 3248 331 3321 snum²
354 3250 508 3321 officium
530 3260 704 3344 spectant,
722 3252 832 3323 libere
856 3272 1023 3323 exercere
1047 3251 1192 3343 possint.

142 3365 263 3438 Nemo
299 3376 419 3438 tamen
453 3389 517 3460 pro
552 3367 732 3452 tribunali,
768 3370 805 3439 in
839 3364 1070 3460 quocunqus³
1104 3367 1193 3450 loce,

142 3483 265 3556 sedere
285 3484 330 3554 de
354 3506 526 3555 consensu
551 3484 716 3554 ordinarii
741 3483 809 3554 loci
833 3484 1070 3576 prohibeatur.

444 3694 675 3782 Aretiapbcopi
685 3696 890 3784 priuilegium.

193 3835 489 3931 Archiepiscopus
514 3844 634 3929 potest
655 3836 738 3929 eligi
762 3837 798 3906 in
818 3836 979 3928 judicem
1002 3858 1024 3904 a
1044 3833 1195 3906 subditis

143 3953 454 4046 suffraganeorum,
472 3952 556 4024 licet
573 3952 781 4048 suffraganei
800 3955 974 4048 ignorent.
1024 4007 1034 4024 .

229 4120 235 4159 ¹
248 4119 370 4196 judiciis.
522 4127 629 4176 ²suum
645 4141 697 4178 um.
842 4119 854 4156 ³
870 4136 1110 4193 quorumcunque.
