2692 4800
104 331 132 379 a.
532 334 581 385 ns
599 335 818 388 nmnnsrsus.
1163 323 1205 390 21

159 489 284 571 nimus,
304 496 346 559 ut
373 491 531 560 omnium
557 498 671 560 coetus
696 491 742 560 sit
767 490 927 562 fidelium
953 490 1151 574 hominurn,
1174 493 1211 563 iu

159 625 227 695 quo
252 626 354 675 sacra
380 604 564 698 Scriptura
589 606 725 677 sincere
751 607 909 690 docetur,
931 617 971 678 et
992 616 1212 679 sacramenta

160 720 300 810 (saltem
330 721 386 792 his
416 744 538 793 eorum
569 721 728 813 partibus
757 746 835 815 qnae
869 725 1077 795 necessariae
1111 733 1210 818 sunt)

154 834 259 925 juxta
275 832 411 906 Christi
429 836 675 927 praescriptum
694 836 996 910 administrantur.

432 1082 509 1169 (lap.
527 1101 578 1146 22.
601 1084 652 1146 De
660 1082 941 1169 proededinotiooe.

202 1203 264 1277 Ad
283 1214 485 1276 extremum
502 1206 539 1274 in
557 1204 721 1277 Ecclesia
737 1205 844 1277 multi
863 1205 946 1277 feris
972 1217 1010 1278 et
1027 1208 1209 1282 dissolutis

159 1322 317 1392 moribus
332 1322 467 1401 vivunt,
485 1321 546 1413 qni
566 1343 649 1393 oum
671 1345 709 1393 re
734 1324 809 1415 ipsa
832 1324 958 1394 curiosi
977 1326 1059 1408 sint,
1077 1325 1207 1398 differti

159 1436 255 1521 lnxn,
274 1446 313 1508 et
338 1459 359 1507 a
377 1436 509 1508 Christi
528 1437 652 1530 spiritu
672 1461 813 1530 prorsus
830 1438 947 1522 alieni,
965 1461 1105 1534 semper
1120 1464 1208 1534 prae-

158 1553 442 1636 destinationem,
456 1563 494 1624 et
511 1555 749 1646 rejectionem,
763 1555 832 1638 vel,
850 1564 891 1626 ut
908 1555 1039 1628 usitate
1057 1557 1207 1650 loquun-

157 1678 224 1752 tur,
236 1667 521 1762 reprobationem
535 1668 571 1738 in
587 1691 748 1740 sermone
760 1670 912 1762 jactant,
923 1681 965 1742 ut
977 1696 1060 1743 cum
1073 1682 1206 1745 aeterno

157 1785 306 1858 consilio
324 1785 425 1858 Dens
447 1786 504 1858 vol
530 1787 575 1857 de
601 1787 728 1868 salute,
746 1788 803 1858 vel
830 1790 875 1860 de
900 1790 1048 1862 interitu
1072 1791 1206 1884 aliquid

155 1904 243 1973 certi
276 1903 511 1985 constituerit,
538 1902 622 1973 inde
651 1902 824 1974 latebram
859 1904 931 1975 suis
959 1904 1141 1976 maleficiis
1168 1914 1207 1977 et

154 2017 358 2101 sceleribus,
371 2027 408 2088 et
426 2019 540 2088 omnis
555 2020 697 2111 generis
714 2021 937 2112 perversitati
951 2030 1124 2112 quaerant.
1158 2021 1206 2094 Et

153 2155 236 2202 cnm
254 2141 413 2224 pastores
430 2133 634 2225 dissipatam
651 2132 793 2203 illorum
812 2142 851 2204 et
868 2133 1080 2228 flagitiosam
1092 2137 1205 2207 vitam

153 2258 364 2343 coarguunt,
397 2250 434 2318 in
468 2248 690 2320 voluntatem
724 2250 795 2320 Dei
829 2250 1017 2322 criminum
1059 2262 1211 2324 suorum

153 2364 296 2458 culpam
314 2365 512 2448 conferunt,
529 2373 568 2434 et
592 2365 659 2435 hac
685 2365 890 2437 defensione
915 2367 1117 2462 profligatas
1142 2368 1204 2440 ad-

153 2483 370 2553 monitorum
383 2481 672 2574 reprehensiones
688 2483 909 2553 existimant:
927 2506 969 2554 ac
983 2484 1033 2554 ita
1046 2485 1202 2568 tandem,

154 2597 247 2669 duce
264 2597 417 2680 diabolo,
435 2596 492 2667 vel
509 2599 546 2667 in
564 2599 817 2690 desperationis
842 2595 1014 2691 puteum¹
1032 2599 1203 2693 abjiciun-

153 2722 212 2784 tur
234 2713 444 2806 praecipites,
462 2712 518 2782 vel
545 2713 590 2784 ad
613 2711 766 2783 solutam
793 2714 970 2805 quandam
992 2724 1030 2785 et
1055 2715 1202 2788 mollem

153 2830 235 2900 vitoe
252 2830 490 2911 securitatem,
507 2831 583 2899 sine
600 2827 689 2898 aut²
706 2829 928 2920 poenitentia,
946 2839 1009 2901 aut
1026 2829 1200 2902 scelerum

152 2945 369 3017 conscientia
402 2945 616 3016 dilabuntur.
669 2943 757 3028 Quae
779 2944 863 3035 ⁸duo
897 2944 991 3016 malo
1024 2947 1198 3040 disparem

152 3073 328 3144 naturam,
344 3061 407 3132 scd
428 3062 537 3131 finem
554 3062 722 3131 videntur
746 3060 899 3131 eundem
925 3061 1068 3134 habere.
1120 3062 1200 3134 Nos

150 3203 234 3251 vero
254 3180 359 3250 sacris
380 3178 572 3270 Scriptnris
589 3178 730 3260 eruditi,
750 3177 858 3248 talem
876 3178 912 3247 in
930 3178 997 3248 hac
1013 3201 1052 3249 re
1070 3180 1200 3250 doctri·

149 3319 233 3368 nam
258 3296 432 3388 ponimus,
460 3293 554 3385 quod
581 3292 730 3388 diligens
761 3301 799 3364 et
829 3302 993 3364 accurata
1027 3296 1198 3389 cogitatio

148 3415 193 3484 de
215 3410 523 3505 praedestinatione
546 3418 666 3480 nostra
683 3418 721 3480 et
744 3409 918 3482 electione
944 3421 1117 3505 suscepta,
1136 3412 1198 3501 (de

147 3527 277 3621 quibus
302 3524 372 3596 Dei
396 3524 581 3596 voluntate
607 3526 884 3597 determinatum
910 3526 979 3596 fuit
1004 3537 1197 3618 antequem

146 3644 272 3714 mnndi
294 3642 527 3713 fundamenta
537 3641 781 3735 jacerentnr3)
799 3641 875 3712 haec
897 3642 1020 3734 itaque
1045 3642 1195 3737 diligens

146 3767 185 3829 et
210 3759 310 3841 seria,
328 3781 434 3851 quam
461 3757 627 3841 diximus,
644 3758 700 3829 his
725 3759 894 3830 derebus
919 3758 1102 3853 cogitatio,
1118 3762 1195 3853 pio·

146 3897 226 3945 rum
261 3874 446 3945 hominnm
480 3874 617 3944 animos
648 3873 786 3966 Spiritu
814 3873 947 3945 Christi
981 3873 1129 3961 afflatos,
1156 3886 1193 3948 et

146 3992 259 4064 carnis
277 3999 315 4062 et
330 3991 571 4062 membrorum
590 3991 846 4083 subJeotionem
864 3991 1193 4083 persentiscentes³,

147 4108 244 4179 etad
262 4105 420 4178 coelestia
443 4128 580 4176 sursum
600 4105 799 4188 tendentes,
817 4106 1022 4177 dulcissima
1036 4107 1190 4197 quadam

147 4231 184 4296 et
200 4223 458 4316 jucundissima
475 4220 714 4292 consolatione
738 4222 946 4314 permulcet,
964 4220 1133 4313 quoniam
1150 4222 1191 4291 fi-

186 4395 195 4432 ¹
211 4393 438 4469 desperationem
452 4401 631 4467 presentem.
681 4390 768 4450 2sive
783 4400 840 4450 aut.
896 4389 911 4436 3
925 4390 1147 4468 praesentientes.
