2692 4800
529 304 806 368 APPENDIX.
1129 307 1194 370 839

194 472 259 546 198,
276 488 304 545 5.
327 490 425 528 omnes
440 469 489 527 Or.
504 470 615 528 instead
630 471 662 527 of
673 479 731 527 tam
746 469 905 544 spirituales
919 488 1002 544 quam

189 601 231 611 -
248 587 292 645 19.
314 569 516 625 instantionata
530 569 621 625 added
636 569 673 643 by
684 568 733 625 Cr.
748 587 816 624 over
825 567 874 624 the
884 567 977 624 words
991 568 1085 625 which
1099 568 1195 627 follow

149 666 205 723 and
219 666 332 741 explain
347 666 379 723 it.

188 796 230 806 -
245 781 292 838 27.
315 763 361 819 De
381 782 438 837 qua
457 781 497 819 re.
539 763 620 820 After
633 763 691 820 this
712 771 847 820 sentence
860 762 910 820 the
924 762 989 819 MS.
1005 764 1056 821 has
1071 763 1121 822 the
1140 763 1191 821 fol.

149 862 255 936 lowing
282 861 365 935 chap.
390 861 489 917 erased
517 861 554 935 by
578 860 627 916 Cr.
671 860 772 916 Victus
795 860 895 917 victori
922 862 1014 918 solvet
1041 862 1193 937 impensas.

150 960 265 1015 Victum
278 957 379 1014 victori
390 957 479 1032 judex
494 957 695 1014 condemnabit
709 957 738 1013 in
753 958 894 1032 expensis,
909 958 963 1014 nisi
977 960 1057 1035 justa
1070 979 1155 1018 causa
1168 961 1195 1018 ei

149 1055 196 1130 qni
210 1054 368 1111 succumbit
382 1053 539 1110 subveniat.
582 1054 729 1128 Expensas
742 1054 800 1111 litis
817 1054 922 1130 judicis
943 1066 987 1113 est
1000 1065 1065 1131 post
1079 1065 1193 1116 senten·

149 1155 217 1212 tiam
232 1153 261 1209 in
275 1152 464 1226 exequutione
478 1160 585 1215 taxare,
599 1160 629 1208 et
643 1151 745 1208 deinde
763 1152 955 1225 juramentum
978 1172 1062 1228 super
1075 1155 1194 1212 veritate
1286 1204 1294 1217 .

149 1251 303 1308 earundem
317 1249 391 1325 parti
405 1248 529 1306 vincenti
543 1249 662 1306 deferre.

195 1366 260 1423 199,
276 1365 303 1418 3.
325 1347 408 1404 After
421 1345 515 1402 Judex
529 1347 578 1403 the
592 1345 659 1403 MS.
674 1346 725 1404 has
746 1347 770 1403 si
791 1347 870 1404 litem
892 1366 971 1405 snam
992 1348 1078 1406 faciat
1095 1352 1194 1408 crased

148 1443 187 1519 by
201 1446 249 1501 Cr.
264 1444 320 1500 and
335 1443 408 1500 after
421 1452 534 1500 tenetur
548 1443 598 1501 the
611 1444 705 1501 words
719 1443 813 1500 Judex
827 1452 896 1501 tunc
909 1444 988 1502 litem
1007 1464 1087 1504 suam
1101 1448 1194 1506 facere

149 1540 325 1617 intelligitur,
342 1560 405 1597 cum
421 1541 488 1597 dolo
509 1542 585 1597 mulo
602 1541 631 1596 in
650 1541 778 1597 fraudem
799 1541 872 1617 legis
887 1543 1058 1601 sententiam
1073 1544 1193 1604 dixerit:

149 1638 216 1695 dolo
229 1639 305 1696 malo
320 1638 374 1695 hoc
388 1638 481 1695 facere
496 1638 606 1695 videtur
620 1639 680 1696 also
694 1639 793 1695 erased
806 1638 844 1714 by
859 1641 906 1696 Cr.

192 1754 260 1802 200,
278 1737 325 1793 28.
348 1736 427 1793 etad
442 1736 576 1810 pietatem
592 1736 688 1792 dedita
701 1735 794 1792 added
807 1734 845 1810 by
859 1734 909 1792 Cr.

189 1865 230 1876 -—
244 1834 350 1908 penult.
373 1834 408 1889 de
423 1834 471 1889 Cr.
485 1833 598 1890 instead
612 1833 644 1890 of
656 1842 723 1908 agat
736 1843 778 1897 ut,
794 1833 843 1890 the
857 1833 951 1890 words
968 1835 1128 1910 jurisdictio
1150 1856 1195 1895 ca-

149 1940 220 1996 reat,
235 1951 340 2007 eosque
354 1932 442 2006 being
456 1931 516 1987 also
531 1931 630 1987 erased
644 1931 717 1987 after
731 1930 901 1987 hominibus.

192 2049 260 2100 202,
275 2049 319 2106 ¹9·
342 2037 536 2104 comparatum
566 2027 635 2085 MS.
652 2038 830 2103 compertum

189 2162 230 2171 —
244 2131 293 2185 28.
316 2128 471 2202 Delegatus
484 2135 580 2184 tamen
599 2172 604 2183 .
618 2173 624 2183 .
640 2172 645 2184 .
659 2173 665 2184 .
677 2127 824 2202 delegatus
838 2126 931 2183 added
944 2127 983 2202 by
997 2128 1046 2185 Cr.

192 2244 259 2301 ²03·
276 2245 321 2284 11.
343 2234 456 2282 nostras
471 2225 520 2281 Cr.
536 2225 647 2281 instead
660 2225 692 2281 of
704 2225 789 2300 regiae
803 2226 960 2301 majestatis

189 2357 230 2367 -
246 2324 288 2381 16.
304 2322 390 2381 After
399 2323 558 2398 Delcgatus
569 2324 619 2379 the
629 2323 724 2379 words
736 2323 822 2398 regiae
832 2323 988 2400 majestatis
997 2324 1195 2400 erasedbyCr.

188 2453 229 2463 -
244 2434 292 2495 27.
315 2421 429 2478 fuerunt
457 2419 525 2478 MS.
541 2420 646 2476 fuerint

190 2518 259 2583 206,
272 2537 317 2575 11.
350 2518 428 2576 llere
441 2518 553 2575 follows
566 2517 596 2573 in
610 2517 659 2575 the
675 2516 742 2574 MS.
756 2517 806 2575 the
821 2517 939 2592 chapter
956 2516 1087 2585 Quatuor
1101 2517 1195 2575 modis

148 2617 200 2674 &o
219 2621 279 2690 (see
294 2635 321 2689 p.
342 2617 408 2690 196)
425 2615 518 2672 which
538 2617 587 2672 Cr.
612 2615 746 2672 removed
757 2636 766 2683 ;
788 2615 845 2671 and
869 2614 938 2671 then
962 2614 1012 2671 the
1037 2614 1194 2691 following,

148 2713 242 2769 which
257 2714 305 2768 Cr.
320 2712 437 2769 erased:
462 2713 586 2769 Demum
605 2713 763 2770 sortiuntur
777 2712 945 2786 quandoque
966 2711 1058 2768 forum
1080 2721 1197 2787 propter

149 2809 300 2883 originem,
316 2809 355 2865 ihi
374 2810 486 2867 videtur
503 2818 535 2867 ut
553 2809 615 2884 quis
632 2809 776 2885 judicetur
798 2808 871 2866 unde
893 2818 937 2866 est
958 2809 1110 2866 oriundus:
1133 2830 1215 2885 quae·

148 2926 233 2964 causa
247 2908 335 2965 movit
350 2908 471 2965 Pilatum
486 2917 518 2965 ut
533 2908 678 2965 Christum
698 2907 857 2965 remitteret
870 2907 907 2964 ud
921 2907 1075 2973 Herodem,
1090 2925 1194 2982 nempe

148 3003 244 3060 audito
264 3005 339 3079 quod
354 3014 397 3062 est
410 3005 550 3063 Galilaeus.

189 3101 279 3155 Actor
297 3111 430 3175 sequatur
448 3101 541 3159 forum
561 3101 609 3158 rei.
651 3101 774 3171 Quando
798 3119 863 3157 reus
883 3101 1027 3158 conveniri
1048 3109 1142 3176 potest
1166 3100 1195 3158 in

147 3197 274 3272 pluribus
288 3198 367 3263 locis,
382 3207 450 3255 tunc
469 3208 513 3257 est
532 3200 561 3256 in
576 3199 692 3257 arbitrio
711 3198 815 3256 actoris
833 3198 966 3276 positum,
981 3199 1028 3256 ubi
1043 3199 1112 3256 velit
1130 3217 1194 3257 eum

148 3314 308 3352 convemre.

191 3408 259 3467 207,
275 3410 302 3467 7.
326 3393 403 3450 Here
417 3394 466 3451 the
480 3394 545 3450 MS.
561 3394 613 3452 has
628 3394 704 3452 what
720 3394 840 3460 follows,
857 3395 956 3453 crased
978 3395 1014 3469 by
1030 3394 1078 3451 Cr.
1100 3393 1196 3452 Causa

147 3509 216 3548 vero
236 3491 476 3565 jurispatronatus
500 3501 529 3549 et
553 3511 654 3549 annuae
677 3493 822 3568 pensionis
844 3493 1040 3550 ecclesiasticae
1062 3492 1103 3549 ita
1124 3510 1193 3549 con·

143 3588 245 3662 juncta
259 3598 286 3645 et
301 3607 430 3645 connexa
443 3599 487 3646 est
501 3590 692 3666 spiritualibus
706 3591 806 3654 causis,
821 3590 897 3665 quod
916 3609 973 3648 non
993 3589 1047 3646 nisi
1061 3588 1192 3647 ecclesia-

148 3686 220 3743 stico
230 3687 338 3762 judicio
352 3687 444 3744 valeat
458 3686 577 3744 definiri.

187 3816 229 3826 -
242 3785 348 3858 penult.
371 3784 462 3841 multo
490 3783 557 3842 MS.
573 3785 692 3842 multum

189 3881 257 3947 208,
276 3883 320 3940 16.
344 3882 469 3939 adversm
484 3883 577 3940 added
592 3883 629 3959 by
643 3883 692 3940 Cr.

190 3996 257 4056 209,
274 3997 303 4056 5.
325 3981 403 4039 Here
417 3982 466 4038 the
481 3979 547 4038 MS.
563 3981 615 4037 has
629 3981 707 4038 what
720 3980 839 4047 follows,
854 3979 953 4039 erased
973 3980 1010 4054 by
1024 3980 1073 4036 Cr.
1095 3978 1192 4035 Judex

146 4078 297 4153 negligens
318 4079 404 4136 modo
425 4079 510 4137 fuerit
530 4078 735 4153 interpellatus,
749 4078 829 4136 litem
842 4078 911 4135 fucit
925 4096 1015 4145 suam,
1030 4085 1059 4136 et
1074 4077 1104 4133 in
1117 4077 1192 4133 testi·

146 4176 300 4233 mationem
318 4177 426 4252 justam
444 4177 502 4234 litis
516 4176 761 4234 condemnabitur.
805 4175 913 4251 Siquis
930 4175 1020 4251 judex
1033 4174 1121 4232 lucus
1135 4175 1191 4232 cle·

145 4274 211 4331 ricis
233 4282 283 4331 aut
305 4273 501 4332 ecclesiasticis
522 4273 651 4350 personis
670 4272 810 4348 justitiam
836 4272 1033 4330 administrare
1057 4272 1190 4349 deneget,

639 4370 693 4431 εἳ
