2692 4800
412 329 631 397 PRAEFATIO,
653 329 708 387 En.
723 343 810 406 1571.
1086 333 1135 388 xxi

80 481 246 562 historiae3
283 485 350 547 sive
373 485 520 549 Atticam
546 486 690 571 primum,
715 487 778 549 sive
800 488 993 571 Spartanam
1016 496 1135 570 specte·

78 608 147 649 6166
168 587 409 671 rempublicam.
457 588 599 669 Quarum
619 597 754 674 utraque
777 602 850 674 post
873 589 977 653 varias
999 589 1135 653 civilium

75 689 353 755 conflictationum
390 689 590 776 agitationes,
628 692 758 756 tandem
799 691 938 776 accept-is
975 691 1078 755 altera
1114 715 1134 756 a

78 791 204 870 Solone,
231 792 336 857 altera
357 815 378 857 a
400 792 548 879 Lycurgo
572 794 705 879 legibus,
727 795 828 859 multo
854 794 968 857 dehinc
990 795 1135 879 pacatior

79 893 269 980 auctiorquc
298 902 349 959 661
377 894 513 960 reddita.
572 896 624 961 Sic
654 896 737 960 enim
763 897 803 961 de
830 896 968 961 Athenis
993 905 1133 972 constat,
1143 909 1219 970 aega

80 997 259 1082 quodcum
278 997 347 1062 sine
366 1003 455 1062 certo
473 997 607 1083 aliquo
593 1022 665 1085 Jure
683 1006 751 1064 1166
768 999 861 1063 simul
879 1021 936 1083 per
955 999 987 1062 id
1008 975 1196 1085 tempusAtti
1176 983 1239 1022 ¹·oe

80 1101 238 1167 factiones
262 1101 347 1167 inter
370 1124 404 1169 se
429 1103 667 1178 contenderent,
690 1125 790 1188 eaque
814 1102 978 1179 dissensio,
1001 1102 1133 1187 gliscen

82 1205 171 1270 tibus
200 1205 305 1291 magis
334 1204 427 1283 odiis,
457 1205 611 1270 universis
645 1206 778 1270 exitium
811 1206 997 1282 minaretur,
1029 1206 1135 1270 Soloni

83 1306 262 1393 respublica
280 1306 434 1372 mandata
453 1314 512 1372 est.
560 1307 593 1371 ls
611 1308 697 1394 leges
718 1309 801 1384 tulit,
817 1307 932 1392 quibus
953 1308 1136 1372 libertatem

82 1417 116 1473 ct
138 1409 241 1473 otium
255 1431 313 1495 per
330 1408 520 1495 quingentos
541 1417 655 1494 postea
676 1433 777 1475 annos
800 1410 828 1474 ci
847 1410 989 1475 restituit
1010 1411 1135 1495 reipub-

80 1511 158 1576 lieae.
205 1511 310 1576 Porro
327 1519 365 1576 ut
385 1532 448 1575 non
465 1512 579 1597 puduit
596 1512 726 1576 Atticos
747 1534 786 1577 66
803 1518 996 1598 tempestate
1012 1513 1135 1598 AEgyp

80 1614 145 1679 tias
170 1614 257 1699 leges
285 1614 440 1698 quasdam
463 1636 646 1699 usucapere,
669 1621 767 1700 atquc
793 1613 824 1677 in
849 1636 939 1678 suam
962 1615 1136 1680 transferre

80 1717 319 1802 rempublicam,
336 1720 388 1799 (ut
410 1717 504 1781 testis
526 1724 575 1782 661
594 1717 806 1800 Herodotus)
826 1717 910 1781 idem
932 1726 966 1781 et
984 1717 1136 1783 Romanis

80 1828 196 1906 postea
210 1843 271 1884 usu
286 1820 382 1898 venit,
399 1842 478 1906 quos
493 1843 565 1885 cum
580 1820 705 1906 publica
720 1828 848 1907 cogeret
864 1820 1036 1885 necessitas
1051 1821 1136 1907 leges

82 1922 271 1988 incivitate
299 1944 358 1987 sua
386 1923 594 2001 conscribere,
620 1923 708 1986 missi
739 1930 814 1987 sunt
842 1923 874 1986 in
898 1923 1054 1987 Graeciam
1083 1923 1136 1987 de-

81 2026 222 2103 cemviri,
254 2025 307 2109 qui
343 2046 383 2090 ex
413 2025 534 2091 Atticis
567 2026 691 2112 legibus
721 2026 855 2103 Solonis,
886 2025 1013 2090 Zaleuci
1049 2028 1137 2111 apud

85 2128 214 2206 locros,
239 2128 417 2194 charondae
443 2130 529 2214 apud
555 2128 724 2205 Thurinos,
754 2128 888 2214 Lycurgi
919 2128 1005 2213 apud
1038 2128 1135 2193 Lace

80 2230 269 2307 daemonica,
285 2230 443 2295 Phoronei
464 2231 549 2316 apud
572 2231 717 2317 Argivos,
735 2238 840 2296 certas
860 2231 964 2316 legum
984 2233 1135 2298 formulas

80 2333 276 2420 colligerent,
292 2344 327 2398 et
344 2334 384 2398 de
403 2333 565 2419 republica
584 2333 782 2399 instituenda
803 2356 942 2398 summos
962 2335 994 2399 in
1011 2337 1135 2402 Graecia

81 2437 227 2501 homines
249 2436 457 2501 consulerent.

129 2541 242 2623 Atque
267 2560 307 2602 cx
332 2539 371 2603 116
396 2539 523 2603 demum
549 2540 635 2625 leges
661 2539 826 2604 duodecim
852 2543 1034 2606 tabularum
1061 2565 1218 2627 con-mg„

81 2642 168 2706 flatae
195 2648 282 2721 sunt,
308 2640 423 2726 quibus
447 2649 575 2708 1661616
602 2642 716 2707 tribuit
744 2644 791 2706 M.
806 2644 928 2722 Oiccro,
955 2630 1267 2742 11161166111(Ῑῇξζζζζξιξι1

81 2744 123 2808 de
150 2743 275 2830 optimo
304 2743 443 2809 civitatis
472 2753 560 2810 statu
590 2744 758 2830 disputans
782 2768 802 2809 a
828 2753 944 2811 natura
973 2747 1133 2812 discedere
1141 2760 1285 2808 6161666.

82 2844 247 2930 praedicat,
263 2845 318 2930 qui
332 2868 353 2910 a
368 2846 520 2912 Romanis
536 2846 657 2932 legibus
675 2847 839 2912 dissident.
885 2848 1031 2914 Breviter
1049 2850 1134 2914 nulla

79 2969 160 3033 gens
182 2948 270 3012 nulla
293 2948 407 3014 civitas
429 2958 488 3014 aut
513 2949 619 3034 patria
648 2957 716 3013 1616
743 2948 888 3014 immanis
914 2974 1053 3036 unquam
1077 2960 1134 3016 aut

80 3052 219 3116 barbara
242 3050 314 3130 fuit,
336 3073 406 3136 qum
431 3073 494 3114 non
517 3050 611 3136 leges,
636 3052 695 3115 etsi
719 3073 782 3115 non
804 3052 921 3137 ubique
945 3054 1132 3131 consimiles,

79 3175 143 3218 non
168 3154 294 3239 aliquas
323 3162 430 3218 166166
456 3153 614 3227 habuerit,
642 3153 756 3238 quibus
782 3155 808 3218 si
837 3177 901 3218 non
927 3157 1034 3221 omnia
1062 3179 1134 3241 pro-

78 3254 273 3338 pellerentur
298 3252 385 3331 vitia,
411 3262 447 3318 at
470 3253 610 3337 aliquam
639 3254 752 3319 saltem
778 3277 901 3319 morum
928 3257 1132 3322 honestatem

78 3354 242 3420 retineret.
296 3354 350 3418 Sic
379 3376 480 3439 neque
507 3354 631 3441 Angliae
657 3363 775 3420 nostrae
804 3358 873 3442 jam
900 3358 973 3421 olim
998 3380 1056 3423 sua
1082 3358 1134 3423 de

79 3459 208 3522 fuerunt
233 3458 339 3545 legum
366 3459 495 3522 decreta
521 3457 682 3542 sapienter
707 3481 727 3521 6
753 3458 1007 3543 prudentissimis
1032 3462 1132 3544 majo-

79 3559 167 3624 ribus
192 3560 380 3625 constituta.
431 3560 606 3624 Declarant
632 3561 664 3624 id
690 3560 773 3624 Brac
775 3561 881 3625 thonis
907 3583 1000 3624 nomo
1002 3562 1131 3638 thetios,

81 3661 148 3726 Inae
169 3661 265 3748 regis,
282 3661 446 3726 Edouardi
468 3662 612 3738 66616116,
629 3662 840 3738 AEthelstani,
858 3662 1049 3740 Eadmundi,
1068 3662 1132 3727 Ed·
1141 3670 1263 3784 bosom

78 3737 1263 3864 11611111616111,Ε1116116111,Ο66611,66161611161666[1116616616ῗ,ζ“”’,,,,,,ῗὲ1

77 3865 228 3951 auspiciis
245 3865 403 3930 institutae
421 3866 610 3930 sanctiones
656 3867 734 3948 Quae
753 3869 839 3955 leges
857 3890 952 3954 quam
970 3867 1024 3931 diu
1043 3890 1133 3932 66616

78 3969 160 4032 16611
184 3967 418 4033 authoritatem
436 3978 621 4053 potuerunt,
637 3969 737 4056 viguit
760 3971 866 4056 aliqua
888 3970 1029 4036 saltem
1020 3992 1052 4034 16
1073 3971 1133 4034 hoc

79 4092 176 4158 regno
198 4092 326 4136 morum
351 4070 527 4156 disciplina.
578 4071 721 4136 Tandem
747 4095 810 4137 non
837 4073 938 4138 multo
965 4080 1038 4158 post
1064 4072 1132 4137 haec

78 4173 291 4240 descendit
280 4196 315 4238 16
351 4173 548 4239 orchestram
583 4175 725 4240 scenicus
759 4177 854 4262 plane
890 4176 1005 4241 artifex
1041 4177 1176 4238 suaml'⁰
1177 4179 1252 4226 uicitfi
1232 4195 1273 4226 ‹³¹oe

80 4277 255 4345 saltaturus
285 4277 435 4357 fabulam,
466 4278 555 4343 urbis
585 4279 696 4343 Romae
727 4281 894 4365 pontifex.
932 4281 985 4365 qui
1015 4277 1129 4342 6616116
1139 4245 1283 4357 ,,,Ρ,,,,,,1,
