2692 4800
509 319 557 368 DE
582 319 836 372 TESTAMENTIS.

329 568 407 654 Oap.
425 588 475 655 29.
503 568 634 638 Quando
649 568 746 654 lopota
760 568 861 633 minui
868 565 988 655 possint
993 575 1016 632 ¹.

198 704 319 789 Quum
349 705 534 778 haereditas
564 708 613 778 sie
641 715 835 778 extenuata
864 705 983 789 fuerit,
1009 713 1051 777 nt
1080 709 1199 780 omnia

148 819 265 914 legata
280 820 386 914 piene
403 822 432 892 si
450 831 793 915 repraesentarentur,
806 823 864 894 vel
881 823 985 895 uxori
1002 822 1061 894 vel
1078 821 1199 896 liberis

147 959 250 1008 suum
275 960 347 1011 non
372 939 482 1031 possit
501 938 562 1031 jus
588 940 767 1032 integmm
793 938 955 1033 relinqui,
980 947 1128 1011 tantum
1152 961 1197 1012 ex

146 1075 189 1125 ea
205 1052 369 1124 volumus
394 1055 545 1147 decerpi,
567 1063 739 1147 quantum
766 1056 810 1124 ad
837 1053 1052 1148 explendam
1078 1055 1199 1126 uxoris

146 1176 185 1238 et
201 1167 392 1239 liberorum
410 1180 541 1240 sortem
560 1172 644 1242 satis
661 1170 739 1241 erit.

284 1382 361 1468 Gap.
377 1401 429 1467 30.
455 1382 539 1463 Quid
550 1405 571 1446 a
586 1382 992 1470 lopotors'a'spromitteodm
1005 1385 1057 1450 sii.

195 1519 403 1613 Cuiounque
424 1521 611 1613 quiequam
629 1542 793 1615 expresse
810 1520 969 1616 legatum
992 1518 1070 1606 sit²,
1088 1521 1125 1592 id
1144 1519 1196 1591 illi

145 1658 215 1706 uon
233 1636 402 1720 tradatur,
414 1636 481 1706 nisi
498 1636 657 1731 legitime
673 1638 878 1729 praecaverit
895 1660 933 1711 se
946 1639 1197 1710 restituturum

144 1751 239 1845 quod
264 1752 448 1845 aooeperit,
475 1749 644 1822 siourta³
671 1751 779 1823 fuerit
803 1752 1002 1839 haereditas,
1027 1763 1068 1826 et
1090 1776 1200 1826 onera

145 1876 341 1939 sustentare
358 1891 429 1938 non
447 1868 568 1961 possit.

417 2082 496 2169 Cap.
512 2105 565 2171 31·
591 2083 729 2172 Dofidoi
742 2082 913 2149 momine.

194 2222 344 2307 Quoties
371 2222 427 2293 vel
457 2223 646 2294 haereditas
673 2223 730 2295 vel
760 2220 879 2317 legata
907 2222 945 2291 in
975 2229 1197 2292 testamento

144 2342 385 2433 cujuscunque
413 2361 573 2431 personae
601 2339 685 2411 fidei
715 2338 1000 2419 committuntur,
1031 2335 1103 2408 hoo
1129 2347 1194 2422 est,

144 2454 196 2526 illi
219 2456 269 2525 sio
286 2455 331 2525 ad
353 2464 494 2548 tempus
519 2455 743 2538 mandantur,
760 2461 802 2524 nt
819 2452 945 2524 eadem
972 2461 1054 2545 post
1070 2451 1197 2524 voiun-

144 2579 220 2643 tate
255 2572 433 2642 testatoris
472 2570 541 2641 alio
580 2571 843 2652 transferantur,
877 2566 1194 2639 fideicommissarii

144 2711 210 2758 neo
231 2688 274 2757 ad
298 2688 524 2758 haereditates
543 2685 617 2757 ulio
635 2688 752 2769 modo,
770 2708 835 2756 neo
853 2684 896 2755 ad
915 2682 1035 2778 legata
1051 2683 1195 2756 admitti

145 2803 287 2886 debent,
309 2805 420 2874 donee
446 2802 503 2873 vel
529 2802 812 2895 fidejussionibus
837 2802 976 2872 idoneis
1001 2799 1060 2870 vei
1086 2801 1196 2872 etiam

144 2919 349 3016 pignoribus
366 2920 534 3003 caverint,
548 2941 585 2989 se
603 2918 714 2990 salvas
731 2918 955 2989 hereditates
969 2925 1008 2988 et
1020 2915 1193 2990 inviolata

145 3036 263 3131 legata
279 3057 418 3130 prorsus
441 3035 575 3105 eisdem
592 3034 853 3106 conditionibus
872 3054 948 3105 esse
965 3042 1197 3126 representa·

145 3163 254 3235 turos,
266 3174 353 3245 quaa
364 3159 513 3222 testator
522 3152 560 3221 in
577 3173 742 3244 suprema
755 3149 940 3220 voluntate
956 3170 1021 3220 sua
1030 3146 1195 3243 legitime

146 3269 201 3339 vel
219 3267 428 3362 significavit
446 3265 502 3337 vel
520 3268 703 3360 expressit.

284 3480 361 3567 Gap.
376 3499 429 3567 32.
457 3480 607 3550 Quomodo
620 3480 661 3544 rit
674 3480 818 3544 utendum
832 3479 943 3544 monui
957 3477 1050 3543 donn.

198 3614 366 3688 Haeredes
388 3638 434 3685 ex
456 3615 557 3685 bonis
578 3613 758 3685 testatoris
778 3612 865 3682 nihii
884 3611 928 3682 ad
946 3634 985 3683 se
1003 3609 1059 3681 vel
1077 3612 1195 3704 pretio

147 3743 325 3820 sevooent,
343 3731 399 3804 vei
420 3734 514 3803 inter
530 3754 567 3802 se
583 3738 710 3801 mutua
727 3730 919 3800 donatione
935 3734 1115 3821 spargant,
1133 3737 1196 3796 aut

147 3851 216 3922 alio
234 3860 396 3944 respectu
417 3848 657 3940 cujuscunque
678 3846 816 3941 generis
842 3845 1020 3927 invadant,
1039 3854 1078 3913 et
1095 3843 1194 3936 qnasi

147 3968 326 4061 proprium
343 3976 533 4045 assumant,
551 3965 615 4034 nisi
635 3964 730 4057 quod
752 3962 808 4034 vel
829 3963 865 4032 in
884 3968 1099 4032 testamento
1121 3958 1196 4029 fue·

148 4086 195 4154 rit
219 4083 289 4154 iilis
313 4091 436 4176 aperte
461 4081 686 4163 attributum,
705 4080 759 4149 vei
780 4102 931 4172 proquo
952 4078 1091 4171 justum
1118 4097 1195 4167 pre·

149 4204 239 4272 tium
257 4199 518 4271 numeraverint
535 4220 653 4267 coram
671 4196 806 4267 idoneis
824 4195 984 4265 testibus.
1026 4191 1108 4277 Qua
1126 4191 1238 4260 ior-7²

149 4317 247 4388 mnia
263 4317 435 4387 bonorum
455 4313 562 4384 etiam
582 4312 884 4383 administratores
901 4311 953 4380 uti
973 4307 1101 4401 placet.

311 4469 319 4510 1
335 4467 465 4536 possunt.
654 4459 668 4497 Ἰ
683 4462 739 4511 est.
918 4451 1035 4505 inerte.
