2692 4800
501 326 551 379 uu
575 325 843 379 urmnouraue.
1125 309 1197 382 277

148 478 212 551 bet
244 478 321 549 lieri
356 487 546 572 antequam
576 480 729 571 primum
763 488 905 571 tempus
938 476 1117 548 dilationis
1150 479 1197 548 sit

148 596 313 679 linitum
343 604 503 689 tempore
533 606 654 666 autem
681 604 759 665 toto
784 596 895 677 finito,
921 593 1086 666 nolumus
1111 603 1197 666 tuno

147 735 250 806 poene
284 712 416 785 habere
450 712 567 784 locum
598 713 891 807 prorogationem,
918 712 979 782 sed
1008 712 1077 780 erit
1107 734 1198 780 nova

148 829 281 901 dilatio.

271 1038 350 1124 (lap.
365 1057 414 1123 15.
437 1038 581 1103 amuda
594 1037 704 1103 dilatio
719 1060 755 1102 ea
769 1058 863 1102 cauea
877 1036 951 1102 dori
959 1046 1067 1123 potent.

198 1190 400 1262 Secundam
424 1189 628 1261 dilationem
653 1212 699 1259 ex
722 1213 826 1260 causa
851 1189 1001 1259 dandam
1026 1209 1102 1258 eene
1127 1200 1197 1258 sta-

148 1308 295 1390 tuimus,
322 1314 360 1378 et
394 1306 462 1376 hoe
496 1305 718 1377 solummodo
752 1315 914 1398 respectu
949 1304 1129 1396 temporis,
1159 1305 1196 1373 in

149 1447 220 1516 quo
247 1424 439 1516 impeditus
464 1423 534 1492 fuit
558 1421 693 1513 aliquis,
720 1430 757 1492 et
784 1429 944 1515 respectu
972 1422 1047 1513 ejus
1072 1421 1133 1502 rei,
1160 1420 1196 1489 in

150 1563 219 1634 qua
247 1541 317 1610 fuit
346 1539 548 1632 impeditus.
605 1538 657 1608 Et
683 1539 763 1609 ideo
792 1539 819 1608 ai
850 1536 976 1629 aliquia
1005 1534 1197 1628 impeditus
1231 1560 1240 1581 ·

149 1656 258 1728 inerit
283 1655 476 1749 producere
500 1677 611 1725 unum
639 1663 778 1738 testem,
797 1662 835 1724 et
859 1654 1069 1746 procuravit,
1087 1675 1197 1746 quau·

150 1782 228 1843 tum
257 1774 385 1866 potuit
410 1774 447 1843 in
473 1773 585 1864 prima
601 1771 782 1842 'dilatione
811 1771 963 1841 eundem
991 1769 1196 1863 producere,

150 1889 293 1961 dabitur
314 1911 407 1960 nova
428 1887 552 1960 dilatio
578 1887 622 1957 ad
644 1887 910 1981 producendum
932 1885 1033 1956 illum
1054 1895 1194 1965 testem,

150 2014 187 2077 et
208 2029 282 2078 non
298 2003 395 2088 alios,
413 2026 500 2096 quos
523 2026 592 2074 non
616 2005 815 2097 proouravit
835 2004 872 2073 in
889 2005 1003 2097 prima
1025 2000 1195 2072 dilatione

149 2120 403 2213 producendos.

325 2326 403 2412 Cap.
420 2332 468 2391 16.
492 2328 613 2395 Dilatio
627 2329 749 2415 quondo
760 2337 855 2414 potnit
869 2326 1018 2391 reuocari.

198 2462 344 2547 Dilatio,
362 2488 439 2559 quae
462 2467 508 2536 de
531 2468 683 2560 partium
702 2488 873 2537 consensu
897 2466 980 2537 data
1002 2474 1067 2549 est,
1084 2465 1195 2536 altera

147 2589 248 2673 parte
284 2581 396 2653 invita
425 2605 495 2652 non
526 2583 634 2654 debet
663 2584 739 2654 sine
774 2605 878 2653 eausa
910 2584 1094 2667 revocari3
1132 2582 1194 2653 sed

146 2696 287 2790 quando
315 2697 429 2788 judex
463 2720 510 2768 ex
544 2699 659 2770 officio
693 2721 756 2769 auo
792 2697 998 2770 dilationem
1032 2700 1194 2792 praefixit,
1210 2727 1269 2795 131

146 2815 174 2884 ai
208 2836 315 2885 eausa
351 2814 508 2898 tollatur,
544 2839 625 2907 quae
664 2815 765 2886 illum
807 2816 928 2896 movit,
964 2839 1042 2886 earn
1077 2824 1194 2909 potest

145 2952 319 3001 rovooare.

146 3136 224 3223 cap.
240 3153 287 3221 17.
318 3137 441 3202 Dilatio
455 3137 531 3202 doto
545 3160 594 3202 roo
608 3138 833 3222 adjurandam
852 3137 1046 3224 intollipmdo
1064 3150 1107 3204 err
1121 3139 1196 3205 dori

484 3240 581 3305 aaroni·
593 3240 638 3305 ad
644 3239 849 3327 probandum.

193 3379 428 3449 Decernimus
458 3379 664 3450 dilationem
695 3379 813 3450 datam
845 3404 905 3452 reo
933 3381 977 3451 ad
1001 3380 1193 3472 jurandum

144 3496 252 3566 etiam
284 3494 436 3588 intelligi
464 3496 595 3565 debere
621 3497 738 3567 datam
767 3498 876 3567 actori
903 3497 947 3567 ad
974 3497 1193 3589 probandum

146 3633 208 3703 per
230 3619 340 3682 testea
360 3610 414 3682 vel
435 3613 679 3683 instrumenta.

247 3817 324 3905 Cap.
342 3819 389 3882 18.
413 3817 536 3882 Dilatio
550 3820 672 3904 quondo
686 3841 753 3884 reato
767 3819 888 3906 opponit
902 3821 1092 3905 exceptiones.

196 3978 351 4073 Utrique
377 3981 467 4072 parti
494 3980 699 4051 dilationem
731 3981 804 4051 dari
835 3981 963 4051 debere
990 3982 1034 4050 de
1054 3980 1193 4072 juribus

144 4096 216 4165 auis
232 4095 463 4176 decernimus,
482 4098 621 4186 quando
642 4120 723 4167 reus
740 4097 887 4188 opponit
904 4097 1140 4188 exceptiones.
