2692 4800
196 47 269 122 160
554 68 604 119 nn
629 67 885 121 suerunsrons.

194 225 316 295 sertim
333 222 506 293 etrocium
524 221 806 314 peccatorumsi
830 221 936 292 modo
960 219 1068 315 longo
1084 230 1244 314 tempore

195 340 479 421 inveteraverint,
507 349 544 408 et
574 337 754 409 infamiam
785 337 985 422 attulerint,
1010 337 1057 408 eb
1087 336 1244 411 ecclesiis

194 455 421 527 emendandos
447 455 528 537 sint,
554 456 721 548 quonium
747 478 875 549 magna
901 464 1112 548 sequeretur
1137 454 1244 527 bono·
1292 464 1303 477 ’

195 594 273 643 rum
297 572 571 664 perturbationi
592 594 674 641 cum
698 570 899 663 hujusmodi
923 570 1081 664 personis
1106 568 1245 641 inlumi-

194 688 260 760 bus
277 697 495 760 sacramente
511 686 824 759 communicarent.

388 901 466 986 (inp.
478 921 508 987 3.
535 898 1052 986 pronomem.

243 1039 364 1124 Quum
382 1039 543 1110 homines
562 1039 608 1111 ed
625 1048 768 1132 tempus
782 1062 807 1110 c
821 1039 928 1110 sacris
947 1037 1170 1133 ebleguutun
1188 1038 1244 1110 vel

193 1162 235 1223 ut
257 1152 470 1224 crassissime
493 1152 689 1246 loquemur,
707 1175 790 1223 oum
811 1151 893 1224 telis
914 1161 970 1224 est
986 1153 1077 1223 retio
1098 1174 1245 1247 suspeu-

193 1268 309 1349 sionis,
336 1277 378 1339 ut
411 1277 549 1339 certum
580 1277 721 1361 tempus
749 1266 905 1338 hebesnt
937 1267 1074 1339 reditus
1107 1268 1156 1341 ed
1188 1290 1246 1339 ec

192 1384 347 1469 clesiem,
370 1386 632 1479 quamprimum
661 1385 855 1467 advocent,
871 1382 1005 1477 absque
1027 1382 1104 1456 ulle
1129 1384 1245 1459 relax·

193 1502 313 1573 etione
333 1500 390 1573 vel
413 1500 635 1572 absolutione
658 1522 739 1572 reus
762 1499 852 1571 liber
874 1499 952 1572 erit.
986 1498 1077 1573 sed
1101 1510 1246 1596 tenpus

193 1615 222 1689 si
256 1640 329 1688 non
363 1617 471 1688 fuerit
503 1617 750 1700 coustitutum,
774 1616 837 1688 sed
869 1616 1075 1689 institutum
1108 1616 1245 1713 :liquid

193 1737 288 1828 quod
312 1758 394 1806 reus
416 1735 593 1828 suscipere
614 1731 876 1817 debent-nullo
897 1733 1131 1809 modorsum
1147 1736 1244 1809 nitti

194 1850 321 1946 placet,
344 1853 458 1924 donec
482 1852 678 1924 ordinarius
703 1872 748 1923 ex
774 1874 818 1922 co
842 1851 1001 1944 perfecto
1021 1851 1246 1927 intellexerit

193 1969 313 2039 omnie
334 1969 403 2040 rite
428 1977 466 2039 et
491 1969 708 2041 ordineese
727 1976 830 2063 gestu
853 1991 1039 2063 esse,·quae
1065 1968 1120 2041 illi
1145 1992 1246 2043 meu·
1264 2013 1342 2029 —·

193 2083 277 2155 dete
306 2094 400 2154 sunt.
453 2083 570 2168 Quum
601 2106 678 2155 rem
701 2085 731 2155 si
750 2085 865 2176 judici
895 2083 1001 2178 plene
1029 2085 1244 2179 probaverit,
1276 2144 1329 2163 .-

193 2209 271 2271 tum
307 2202 452 2271 demum
487 2198 592 2294 culpe
624 2200 726 2272 illum
755 2201 872 2272 evolvi
906 2203 1072 2296 petimur.
1132 2202 1247 2299 Oujus

193 2326 314 2387 eutem
344 2317 380 2387 in
410 2317 644 2410 quaestionem
675 2318 768 2389 bone
796 2317 891 2390 fame
921 2321 1136 2404 vocetur‚is
1166 2330 1277 2395 tnn-

192 2436 303 2526 tisper
321 2433 455 2504 haereet
471 2434 507 2504 in
519 2435 667 2527 judicio,
685 2435 798 2505 donec
815 2434 974 2530 legitime
995 2438 1259 2530 suspensiones

192 2549 359 2621 emolitus
377 2550 432 2630 sit,
451 2551 579 2642 quibus
596 2562 830 2646 oppugnetur.

300 2762 378 2847 (lep.
390 2784 422 2843 4.
447 2763 613 2848 Suspectus
626 2771 719 2826 totum
732 2783 849 2826 cocum
862 2764 1139 2828 excommunicetur.

244 2901 283 2972 Si
304 2903 382 2995 quis
399 2926 420 2973 e
437 2904 543 2973 sceris
566 2901 743 2995 relegatus
767 2902 856 2972 edeo
872 2901 1005 2993 judicis
1027 2906 1243 2976 sententium

193 3029 409 3102 contemnet,
435 3031 476 3090 ut
510 3019 686 3111 relegatus
719 3041 850 3088 annum
885 3019 1062 3113 integrum
1089 3031 1241 3106 maneat,

193 3135 348 3228 pellatur
372 3146 466 3206 coetu
486 3135 776 3217 Christianorum,
794 3147 831 3205 et
857 3136 893 3204 in
918 3135 1086 3207 horribile
1112 3139 1240 3232 suppli·

193 3255 288 3323 cium
314 3253 692 3323 excommunicationis
721 3252 941 3334 detrudetur,
967 3262 1005 3322 et
1034 3255 1237 3336 sacerdotio,

193 3370 222 3440 si
240 3369 334 3461 quod
353 3368 528 3452 hebuerit,
545 3367 766 3439 excludetur.

250 3604 328 3689 (lup.
341 3624 371 3688 5.
403 3603 555 3674 Quomodo
565 3605 678 3689 puniri
692 3605 799 3669 debent
813 3604 994 3689 qcijndior's
1007 3606 1184 3670 senientiam

650 3708 776 3773 violant.

243 3838 281 3907 si
314 3840 455 3930 qnando
481 3840 643 3910 minister
670 3840 829 3910 ecclesiae
857 3838 912 3909 vel
944 3837 1021 3909 loco
1047 3848 1166 3910 motus
1195 3839 1221 3910 ι’

192 3956 367 4048 episcopo,
402 3955 457 4025 rel
494 3957 529 4025 in
564 3957 752 4027 formulam
787 3957 1023 4049 suspensionis
1060 3955 1207 4048 prolapsi

191 4071 310 4153 fuerit,
328 4081 366 4141 ct
392 4073 579 4162 quicquam
607 4094 728 4141 eorum
756 4071 886 4143 audeat
912 4072 1028 4143 fecere
1054 4094 1132 4165 quae
1157 4095 1196 4143 su
