2692 4800
148 277 221 352 190
509 293 558 343 nn
574 290 740 357 Junrcns,
761 273 827 346 &c
1200 296 1226 347 c.

139 446 326 539 judicium.
382 443 593 537 Quanquam
627 456 665 517 et
693 449 847 542 integras
877 469 1000 519 causas
1029 470 1188 519 nonuun-

145 584 252 654 quam
287 562 332 632 dc
366 559 471 653 plano
505 564 668 656 cognosci
697 585 798 657 posse
827 563 1005 646 volumus,
1032 573 1077 634 ut
1111 570 1188 635 cunr

145 675 236 747 levia
258 675 389 748 delicta
414 687 496 748 sunt
522 679 723 770 punienda3
758 681 794 750 in
820 704 890 772 quo
916 690 1040 752 tamen
1064 679 1188 772 judicii

143 814 274 887 genere
307 804 442 865 ceteras
481 794 742 867 observationes
774 792 972 888 judicialis¹
1007 817 1189 890 procsmus

144 931 215 979 non
237 907 400 979 volumus
420 931 561 1001 prorsus
584 912 712 981 omitti.

252 1119 330 1205 Oap.
341 1135 370 1204 7.
393 1122 555 1187 Procerum
569 1120 793 1208 abaqmsorma
807 1123 949 1208 otfipsua
956 1121 1089 1206 judicii.
1197 1155 1227 1220 9¹

195 1256 383 1330 Processus
406 1259 538 1352 absque
564 1261 678 1331 forma
694 1269 732 1330 ct
748 1260 860 1355 figura
875 1259 1005 1352 judicii
1022 1268 1113 1331 tunc
1134 1262 1190 1345 ait,

145 1375 286 1465 quaudo
306 1397 349 1445 ea
369 1384 521 1458 tanturn,
539 1398 618 1466 quae
642 1387 726 1445 sunt
741 1375 832 1467 juris
856 1373 1038 1458 naturalis,
1056 1376 1094 1447 in
1113 1400 1191 1470 pro-

145 1511 244 1560 cessu
280 1498 540 1571 conservantur,
570 1500 613 1559 ut
647 1489 779 1570 citatio,
814 1487 1048 1581 legitimatio²
1076 1513 1191 1584 pemo-

145 1627 280 1686 narum,
298 1628 369 1696 qua
392 1601 547 1676 scilicet³
570 1603 1008 1687 mandatum'exhibeant,
1025 1606 1089 1698 qui
1114 1629 1191 1700 pos·

144 1720 260 1791 tulare
285 1721 464 1814 quippiam
492 1723 635 1792 nominc
660 1719 804 1791 alterius
828 1719 950 1802 velint,
972 1721 1111 1812 petitio,
1133 1722 1192 1792 de-

146 1836 271 1922 fensio,
289 1845 327 1906 et
348 1836 418 1907 alia
439 1836 664 1929 hujusmodi:
695 1858 738 1905 ea
761 1857 855 1916 vcro,
872 1857 951 1927 quae
976 1834 1087 1906 solius
1101 1837 1192 1929 juris

146 1950 258 2022 civilis
276 1960 313 2027 ct
329 1951 468 2043 positivi
491 1959 583 2032 sunt,
602 1946 830 2030 resecantur⁴‚
849 1958 891 2019 ut
907 1947 1060 2032 libellus,
1078 1949 1190 2022 feriar⁵

147 2067 193 2137 ob
225 2068 475 2138 necessitatem
500 2067 684 2137 hominnm
714 2065 926 2149 constituta,
952 2064 1026 2136 litis
1056 2077 1191 2139 contes-

147 2183 235 2254 tatio
252 2192 291 2254 ct
307 2182 444 2255 similia.

205 2417 283 2504 (lap.
296 2417 325 2481 8.
352 2417 478 2498 ouum
485 2416 650 2503 procedure
664 2415 733 2481 licet
746 2417 919 2493 rummario,
935 2425 963 2480 et
977 2415 1130 2502 diplom,

397 2529 425 2585 ot
438 2521 503 2585 sino
516 2520 645 2605 strepitu
658 2519 810 2603 ocsorma
817 2519 945 2604 judicii.

196 2659 317 2732 Judcx
347 2663 383 2731 in
413 2661 615 2754 cognitione
644 2683 756 2730 causae
784 2682 1005 2752 nequaquem
1035 2683 1101 2753 pro
1129 2681 1185 2729 suo

147 2778 292 2849 arbitrio
324 2778 527 2848 summatim
558 2777 603 2845 de
634 2774 738 2867 plano
769 2786 806 2845 et
839 2776 972 2867 absque
1008 2775 1123 2869 figura
1153 2784 1183 2844 et

146 2894 259 2963 forma
287 2893 413 2985 judicii
439 2892 617 2984 procedat,
643 2891 704 2960 sed
730 2900 868 2961 tantum
897 2912 978 2961 cum
1005 2891 1040 2960 id
1068 2892 1103 2962 ci
1132 2915 1184 2960 no

146 3009 308 3080 minutim
339 3032 361 3078 a
388 3006 524 3101 legibus
558 3008 685 3077 nostris
719 3006 946 3098 permittitur.
1005 3006 1050 3076 In
1080 3007 1184 3078 causis

147 3123 419 3205 beneficialibus,
450 3121 777 3203 matrimonialibus,
812 3123 1097 3206 testamentariis,
1127 3145 1184 3193 nec

146 3263 217 3309 non
241 3240 456 3310 decimarum
479 3248 516 3308 et
539 3233 751 3319 usurarum⁶‚
770 3260 811 3307 ac
835 3260 894 3307 eas
916 3261 1060 3329 quoquo
1085 3238 1183 3308 modo

146 3355 384 3450 tangentibus,
402 3353 617 3446 simpliciter,
635 3376 676 3423 ac
694 3354 738 3423 de
759 3353 876 3446 plano,
893 3362 931 3423 et
947 3352 1024 3423 sine
1041 3356 1183 3448 strepitu

147 3483 185 3545 et
202 3474 314 3566 figura
336 3471 459 3562 judicii
482 3491 663 3562 processus
683 3470 756 3539 fiat.
809 3467 852 3537 In
869 3467 946 3539 aliis
968 3478 1092 3539 autem
1109 3471 1184 3541 civi·

148 3587 240 3659 libus
257 3587 401 3681 judiciis
428 3595 465 3655 ct
492 3583 730 3656 criminalibus
755 3608 826 3654 non
860 3585 1014 3663 notoriis,
1032 3584 1184 3656 ordinem

142 3704 356 3797 judiciorum
383 3702 557 3773 observari
582 3700 753 3780 volumus,
772 3701 901 3770 nisiex
925 3722 1098 3771 consensu
1116 3725 1184 3795 par·

148 3818 236 3887 tium
253 3816 351 3887 'aliud
377 3825 564 3898 statuatur,
584 3814 638 3884 vel
662 3837 708 3884 ex
727 3815 973 3885 commissione
998 3825 1118 3886 nostra
1139 3837 1184 3884 rc·

146 3931 216 4026 gali
234 3931 453 4002 rescribatur.

190 4136 197 4175 ¹
211 4139 383 4215 juridicialis.
479 4131 492 4170 ²
505 4147 534 4196 et
549 4139 645 4196 citatio
659 4139 856 4215 legitimarum.
951 4134 964 4174 ³
977 4140 1085 4198 scilicet
1100 4159 1148 4196 ori.

308 4234 322 4270 ⁴
335 4237 496 4292 recitantur.
598 4227 610 4266 ⁶
625 4236 693 4292 fieri.
802 4228 815 4266 ⁶
830 4235 1027 4293 usurariorum.
