2692 4800
514 318 563 368 us
588 317 832 371 rescisione.
1150 302 1218 374 75.

149 468 391 563 proeficiamur,
409 479 447 539 et
470 470 723 562 imperitemus,
741 491 848 561 quare
866 476 984 538 nostra
1001 468 1138 561 judicia
1154 470 1200 540 ab

149 584 398 657 ecclesiasticis
414 584 686 656 rescinduntur?
713 586 881 677 Quisquis
904 585 1047 657 alterius
1068 587 1200 658 retexit

145 701 331 795 judicium,
366 699 468 771 illum
502 712 644 794 oportet
678 704 812 794 majore
847 725 923 773 esse
959 701 1200 794 superiorique

150 818 236 889 loco.
291 816 330 888 N
332 841 378 888 ou
402 818 510 910 igitur
532 828 651 889 nostra
669 829 817 912 possunt
835 819 971 911 judicia
993 820 1069 889 foro
1087 819 1200 891 ecele-

150 936 291 1007 siastico
308 933 397 1016 tolli,
416 935 480 1004 uisi
500 942 620 1004 nostra
640 957 782 1026 quoque
806 935 1001 1006 authoritas
1023 935 1201 1031 intelliga-

151 1061 208 1120 tur
237 1050 485 1122 ecclesiasticis
512 1050 695 1142 judicibus
725 1052 918 1144 subjacere.
971 1051 1124 1122 Proinde
1154 1076 1199 1123 ne

152 1168 231 1239 talis
253 1168 402 1261 posthae
423 1167 630 1238 instituatur
656 1170 819 1262 purgatio
844 1169 1065 1253 mandamus,
1088 1191 1199 1261 quum

152 1307 221 1356 non
256 1284 371 1354 solum
406 1285 443 1354 in
477 1306 520 1353 eo
551 1283 702 1354 antehac
728 1284 837 1379 regali
872 1294 1001 1354 nostra
1029 1285 1200 1377 potestati

152 1401 296 1496 largiter
312 1400 576 1484 detrahebatur,
595 1423 716 1471 verum
735 1403 844 1472 etiarn
862 1425 883 1471 a
900 1401 1042 1493 justitia
1058 1403 1201 1472 recede·

153 1519 266 1602 batur,
284 1518 452 1610 quoniam
475 1516 574 1586 nulla
593 1524 711 1608 potest
734 1516 783 1587 ibi
801 1516 1019 1609 purgationis
1041 1517 1199 1588 defensio

153 1658 342 1730 superesse,
360 1641 498 1705 eertum
515 1634 574 1704 ubi
594 1634 727 1703 crimen
745 1642 988 1726 antegressum
1007 1646 1071 1704 est.

185 1852 264 1937 Gap.
279 1872 312 1937 5·
340 1850 471 1921 &cade
483 1850 714 1937 praemoaeadus
727 1850 768 1915 eit
782 1871 850 1914 reus
864 1856 934 1914 aare
941 1849 1166 1936 purgationem.

200 1990 239 2060 Si
267 1989 346 2081 quis
375 1989 521 2059 adversa
545 1988 640 2059 fama
665 1988 784 2071 fuerit,
810 1997 849 2059 et
874 1989 1034 2081 quotidie
1063 1992 1108 2061 de
1137 1990 1200 2063 illo

147 2108 299 2178 minime
319 2103 404 2175 belli
428 2126 585 2174 rumores
611 2104 883 2187 increbrescent‚
907 2106 968 2176 sed
993 2115 1113 2179 tamen
1139 2107 1200 2180 ad-

146 2222 297 2293 modum
328 2219 519 2313 suspiciosi,
550 2230 588 2290 et
618 2221 648 2290 is
677 2231 753 2290 turn
785 2244 855 2291 suae
886 2222 989 2292 famae
1018 2223 1201 2319 negligens

145 2340 269 2421 fuerit,
287 2339 473 2431 episcopus
493 2347 662 2406 terrorem
684 2337 998 2408 ecclesiasticarum
1017 2364 1200 2433 poenarum

147 2455 330 2547 objiciens,
361 2452 525 2522 omnibus
559 2451 763 2535 denunciet,
794 2455 854 2545 qui
888 2456 1077 2548 quiequam
1111 2458 1200 2530 scire

148 2574 328 2654 videntur,
349 2581 389 2641 ut
412 2570 448 2640 id
471 2570 661 2663 proferant.
714 2571 762 2642 Et
785 2573 815 2644 si
841 2573 959 2644 nullus
979 2574 1045 2646 lrac
1063 2578 1201 2649 ratione

148 2699 270 2782 potest
303 2696 488 2757 aecusator
527 2686 617 2769 elici,
653 2710 837 2780 personam
878 2690 1086 2763 infamatam
1125 2694 1201 2786 ipse

150 2808 305 2900 primum
322 2805 509 2897 separatim
528 2804 572 2875 ad
591 2804 744 2876 officium
763 2806 992 2879 adhortetur:
1014 2812 1041 2881 si
1061 2833 1132 2881 non
1150 2812 1202 2882 ita

151 2923 362 3017 perficietur,
381 2922 469 2991 duos
494 2931 557 2991 aut
582 2932 655 2992 tres
680 2932 790 2993 testes
815 2923 992 3009 adhibeat,
1019 2926 1146 3018 quibus
1170 2929 1201 2999 si

151 3061 220 3108 non
234 3045 353 3131 potest
368 3035 474 3121 flecti,
488 3036 629 3130 publice
643 3061 724 3108 eum
738 3037 800 3108 illo
813 3048 915 3132 agat:
939 3041 983 3110 ad
998 3050 1199 3113 extremum

151 3157 179 3226 si
197 3179 264 3226 nec
281 3156 333 3225 ita
349 3163 467 3248 potest
485 3154 529 3224 ad
547 3153 701 3225 officium
716 3157 808 3239 duci,
822 3155 923 3227 illum
943 3158 998 3228 vel
1016 3182 1037 3229 a
1054 3183 1201 3231 munere

152 3270 390 3343 ecclesiastico
411 3271 630 3355 submoveat,
649 3271 706 3342 vel
727 3273 890 3344 abarceat
912 3273 956 3344 ab
975 3276 1131 3346 ecclcsiae
1148 3278 1202 3347 in-

151 3410 282 3481 gressu,
318 3387 430 3457 donec
465 3385 661 3480 legitimam
696 3412 795 3459 suam
836 3389 1017 3460 infamiam
1056 3415 1201 3485 perpur-

151 3505 296 3597 gaverit,
316 3526 360 3573 ne
381 3502 455 3573 ulla
476 3504 674 3573 communis
692 3505 728 3573 in
745 3528 788 3574 eo
805 3508 851 3576 sit
869 3506 1014 3577 offensio
1032 3507 1199 3578 ecclesian.

153 3619 190 3691 Si
210 3642 293 3690 vero
313 3627 498 3711 peccatum
521 3619 588 3689 erit
611 3621 774 3703 atrocius,
793 3623 958 3692 nimirum
983 3623 1125 3715 perjurii
1144 3624 1200 3694 vel

151 3736 325 3819 adulterii,
344 3737 642 3829 commissumque
653 3737 830 3829 jamenta
848 3748 1033 3830 peceatum
1052 3741 1200 3825 dicatur,

152 3865 188 3924 et
206 3876 335 3946 magna
351 3853 459 3924 fuerit
477 3855 512 3923 in
530 3876 573 3923 eo
588 3851 756 3925 Ecclesiae
774 3854 930 3941 offensio,
945 3865 1023 3926 tum
1041 3860 1200 3951 protinus

152 3971 297 4062 praeeisa
332 3972 547 4042 monitorum
583 3994 692 4064 mora,
715 3971 831 4064 judex
865 3972 966 4043 illum
1001 3975 1045 4045 ad
1079 3975 1200 4046 defeu-

152 4087 286 4154 sionem
304 4085 360 4155 vel
379 4087 623 4178 purgationem
641 4088 783 4181 adigere
801 4096 929 4181 potest.
976 4086 1199 4160 Morritorum

153 4203 245 4271 enim
266 4200 382 4270 locum
400 4203 436 4271 in
458 4202 625 4274 solutiore
645 4204 725 4287 vita,
745 4204 974 4296 nrollioreque
993 4229 1097 4296 quam
1118 4232 1200 4277 cou-

154 4319 249 4388 venit
276 4317 400 4390 habitu
425 4328 462 4388 et
487 4323 753 4403 consuetudine,
774 4322 968 4412 ceterisque
994 4321 1100 4392 rebus
1127 4349 1199 4396 sus-
