2692 4800
72 327 112 400 ,5.
503 324 547 375 nr
573 324 620 375 aa
645 324 836 376 sumnam.
1122 311 1196 386 297

148 478 281 561 bibere,
299 488 377 548 tum
395 480 572 549 sententia
587 489 711 550 contra
729 503 811 551 eum
834 480 907 551 lata
926 479 1013 550 mihi
1037 482 1200 575 praejudi·

149 595 244 664 cium
270 594 382 687 parit:
409 617 509 666 secus
532 603 588 666 eat
611 597 638 666 si
657 596 734 688 ejus
755 596 976 667 molitionem
1000 599 1197 681 nescierim,

149 734 265 804 neque
282 719 497 804 potestatem
515 735 598 783 eum
615 712 821 804 prohibendi
842 712 1036 785 habuerim.

199 826 365 920 Suntque
399 849 509 910 casus,
543 828 578 897 in
614 828 742 920 quibus
775 831 952 900 sententia
990 830 1200 924 simpliciter

149 944 313 1014 omnibus
338 944 555 1036 praejudicat,
581 968 732 1038 quorum
762 947 911 1017 interest
940 970 1011 1016 non
1042 970 1118 1018 esse
1146 949 1198 1019 ita

142 1062 357 1154 judicatum,
380 1063 408 1131 si
437 1084 479 1132 ea
508 1062 545 1131 in
574 1084 647 1131 rem
672 1063 870 1154 judicatam
898 1063 1061 1134 transiit:
1099 1073 1140 1134 ut
1167 1067 1196 1136 si

148 1177 292 1270 querela
309 1177 491 1249 inofficiosi
510 1182 715 1250 testamenti
733 1180 919 1250 rescisoum
942 1180 988 1250 sit
1005 1190 1198 1252 testamen-

148 1303 238 1377 tum,
256 1317 307 1376 ea,
325 1318 404 1388 quae
425 1317 470 1365 ex
488 1296 565 1387 ejus
582 1294 811 1387 dispositione
831 1297 974 1366 nornine
998 1296 1197 1391 legatorum

148 1411 269 1481 debita
286 1411 443 1492 finissent,
462 1410 490 1480 si
509 1420 633 1481 contra
649 1409 736 1481 illud
755 1434 823 1480 uon
844 1412 969 1483 fuisset
983 1413 1196 1506 judicatum,

148 1528 221 1620 peti
240 1550 311 1597 non
328 1535 484 1620 possunt,
499 1527 570 1596 imo
587 1527 695 1597 etiam
713 1526 830 1598 soluta
846 1537 1065 1620 repetuntur.
1102 1528 1195 1602 Cum

147 1645 208 1715 ubi
232 1644 346 1736 majus
372 1654 426 1714 est
451 1642 656 1736 periculum,
680 1643 729 1714 ibi
756 1646 894 1716 cautius
917 1643 981 1717 sit¹
1007 1646 1194 1740 agendum,

148 1762 341 1853 aeternique
368 1759 524 1831 tribunal
548 1760 680 1852 judicis
705 1759 807 1831 illum
837 1783 937 1832 mum
964 1784 1036 1831 non
1062 1761 1194 1833 babere

147 1887 286 1948 certum
304 1879 360 1955 sit,
379 1899 486 1970 quem
504 1876 634 1968 injuste
649 1877 763 1969 judex
782 1877 1005 1960 condemnat,
1023 1880 1196 1950 maximo·

147 2017 232 2087 pere
249 1993 445 2065 cavendum
462 2002 517 2064 est
530 1991 777 2064 ecclesiasticis
787 1993 979 2086 judicibus,
992 2003 1102 2087 atque
1115 2018 1196 2087 pru-

147 2111 274 2182 denter
298 2109 567 2192 attendendum,
589 2117 630 2178 ut
656 2110 691 2178 in
719 2132 900 2180 causarum
927 2109 1195 2203 quibuscunque

147 2226 365 2320 processibus
391 2224 477 2296 nihil
504 2225 669 2296 vendicet
692 2226 814 2296 odium
839 2226 894 2297 vel
919 2227 1018 2297 favor
1038 2238 1193 2319 usurpet,
1213 2240 1275 2302 140

147 2343 209 2415 sed
234 2344 342 2414 timor
368 2341 502 2423 exulet,
529 2343 712 2436 praemium
741 2352 804 2412 aut
831 2344 1033 2435 expectatio
1061 2345 1192 2436 praemii

141 2460 317 2552 justitiam
335 2482 406 2529 non
424 2467 586 2542 evertat3
613 2458 676 2528 sed
698 2467 865 2529 stateram
889 2460 926 2529 in
951 2459 1114 2530 manibus
1133 2483 1195 2554 ge-

146 2584 243 2648 stent
262 2572 526 2668 acceptionem²
543 2596 769 2667 personarum
787 2599 858 2646 non
877 2574 1059 2662 habentes,
1077 2575 1195 2648 lauces

146 2716 210 2786 pro
236 2691 421 2763 libramine
446 2691 700 2785 appendentes,
725 2700 765 2761 ut
791 2692 826 2762 in
854 2692 1028 2776 omnibus,
1054 2695 1194 2787 quaein

147 2809 259 2880 canda
275 2806 413 2902 agenda
429 2807 562 2878 fuerint
579 2807 786 2899 (praesertim
805 2807 840 2876 in
859 2808 1097 2900 concipiendis
1116 2831 1195 2879 sen-

147 2925 269 2996 tentiis
292 2936 329 2995 et
350 2924 518 3015 ferendis)
536 2947 607 3017 prae
627 2921 737 2994 oculis
759 2923 913 2994 habeant
930 2924 1044 2995 solum
1063 2925 1192 3009 Deum,

146 3040 241 3114 illins
265 3043 448 3113 imitantes
473 3042 691 3134 exemplum,
719 3043 778 3134 qui
806 3042 968 3135 querelas
992 3043 1112 3136 populi
1140 3053 1193 3115 ta-

146 3159 373 3231 bernaculum
410 3159 587 3253 ingressus
621 3158 665 3228 ad
700 3159 895 3230 Dominum
931 3159 1116 3242 referebat,
1152 3168 1193 3230 ut

146 3277 340 3348 secundum
362 3276 438 3367 ejus
458 3275 646 3367 imperium
666 3277 855 3367 judicaret.
907 3275 1074 3367 Quisquis
1096 3277 1192 3347 enim

140 3395 253 3486 judex
271 3392 466 3463 ordinarius
483 3392 557 3462 sive
574 3393 683 3461 etiam
701 3391 896 3485 delegatus,
909 3391 1012 3462 famae
1030 3414 1101 3462 suae
1114 3416 1193 3486 pro·

146 3511 258 3604 digus,
276 3518 314 3580 et
330 3508 460 3604 proprii
479 3516 682 3601 persecutor
698 3507 852 3588 honoris,
870 3516 994 3577 contra
1011 3509 1191 3580 conscien-

146 3627 231 3696 tiam
252 3636 290 3695 et
306 3634 429 3696 contra
448 3624 625 3716 justitiam
649 3624 683 3692 in
705 3644 894 3716 gravamen
916 3621 1062 3692 alterius
1084 3625 1193 3715 partis

145 3740 332 3832 quicquam
352 3741 579 3833 pergratiam
598 3738 653 3807 vel
672 3760 735 3830 per
755 3738 874 3808 sordes
891 3738 927 3807 in
946 3738 1083 3829 judicio
1100 3740 1193 3810 fece-

145 3858 201 3935 rit,
219 3878 429 3950 perannum
449 3854 494 3926 ab
512 3854 723 3925 executione
741 3854 846 3925 officii
865 3856 1004 3924 noverit
1024 3878 1063 3926 se
1080 3880 1193 3929 remo-

145 3983 233 4054 tum,
259 3973 303 4042 ad
330 3974 597 4043 {rationationem
626 3971 697 4042 litis
723 3973 825 4064 parti,
847 3995 952 4063 quarn
980 3969 1117 4054 laeserit,
1141 3973 1193 4041 ni-

145 4088 335 4160 hilominus
353 4088 650 4159 condemnandus.

391 4223 398 4262 ¹
415 4238 468 4286 cst.
688 4224 699 4261 ²
714 4225 949 4301 acceptationem.
