2692 4800
206 276 280 347 270
486 293 535 343 oa
560 290 913 345 rmumromnus
1210 286 1242 337 c.
1256 286 1344 361 19-21

289 552 368 639 Cap.
382 574 432 638 19.
463 554 564 619 Paros
570 553 820 638 presumptione
830 574 860 617 ss
873 558 975 617 arduo
987 550 1159 634 conficiam.

255 702 348 773 Duae
380 706 671 798 presumptiones
698 703 791 796 paris
822 702 988 795 potentia
1021 699 1174 769 invicem
1205 721 1243 770 se

202 817 387 901 collidunt,
425 830 462 890 et
504 822 616 911 major
656 820 828 888 minorem
870 818 991 899 vineit,
1033 836 1244 909 prorsusque

201 946 358 1004 enervat.

275 1141 353 1228 Gap.
368 1162 417 1207 20.
442 1143 652 1226 Proesumptio
667 1141 853 1226 infimitatis
865 1139 983 1205 tollitur
989 1160 1052 1225 por
1063 1148 1176 1204 maur.

253 1289 572 1384 Praesumptionem
598 1292 811 1361 infirmitatis
838 1288 917 1361 tolli
945 1312 1011 1381 per
1035 1288 1244 1360 exercitium

200 1414 303 1477 actus
334 1429 403 1478 non
434 1407 688 1501 compassibilis
717 1429 797 1477 cum
823 1406 1042 1492 infirmitate,
1067 1402 1245 1476 manifesti

194 1525 286 1615 juris
308 1534 373 1594 est.

356 1734 432 1819 Cap.
447 1751 495 1797 2¹.
518 1730 621 1797 luda
634 1754 671 1795 ea
684 1731 920 1796 circumstantiis
924 1728 1092 1814 yudroudtt

251 1879 289 1950 Si
314 1882 537 1972 probationes
559 1881 610 1950 rei
634 1888 671 1949 et
691 1881 820 1950 actoris
841 1888 980 1950 tautum
997 1879 1245 1971 presumptive

200 1996 424 2076 ooncludant,
452 1997 584 2088 judicis
618 2010 673 2068 est
701 2020 746 2066 ex
775 1996 937 2089 diligenti
966 1994 1247 2066 circumstantia·

200 2135 278 2181 mm
302 2115 584 2185 consideratione
602 2114 775 2204 judicare.
827 2112 881 2184 Ut
902 2136 982 2184 oum
1003 2112 1058 2182 vir
1078 2134 1118 2183 se
1142 2132 1246 2205 spon·

199 2252 275 2299 sam
297 2252 395 2300 suam
418 2232 622 2323 cognovisse
645 2230 805 2312 affirmat,
822 2229 884 2301 illa
908 2252 992 2300 vero
1015 2228 1104 2299 illud
1126 2240 1244 2323 negat,

199 2355 439 2439 matronaque
468 2346 604 2440 alique,
631 2369 708 2440 quse
737 2348 862 2441 cbrpus
891 2346 1137 2439 inspiciebant,
1161 2368 1245 2416 oum

200 2462 262 2531 illa
304 2464 539 2547 consentiant,
565 2464 680 2556 judex
721 2465 942 2535 considerata
979 2464 1246 2556 opportunitate

199 2580 444 2669 cognoscendi,
482 2603 591 2663 mora,
631 2590 668 2649 et
710 2581 847 2650 diutina
888 2581 1163 2662 couversatione,
1206 2594 1245 2651 et

199 2704 305 2764 aetate
346 2698 538 2788 utriusque,
573 2712 610 2766 et
648 2708 888 2767 matronarum
926 2696 995 2766 fide
1034 2708 1073 2767 et
1106 2698 1244 2789 peritia,

199 2811 284 2900 quid
307 2815 524 2904 sequendum
546 2817 593 2883 sit
609 2814 794 2905 judicabit.

579 3137 859 3146 ————----

420 3374 487 3444 DE
524 3374 1020 3445 DIFFAMATIONIBUS.

348 3568 424 3655 Gap.
438 3592 464 3635 1.
492 3571 706 3636 obtrectatores
719 3571 830 3657 lepidas
844 3593 902 3635 esse
908 3570 1093 3656 puniendos.

247 3705 422 3787 Quoniam
447 3733 568 3779 omncs
586 3708 775 3780 Christiani
800 3721 925 3779 mutua
948 3708 1119 3779 charitate
1143 3732 1247 3780 veros

195 3842 233 3889 se
264 3824 395 3895 debent
425 3826 554 3896 Christi
587 3827 775 3918 discipulos
809 3849 885 3896 esse
919 3825 1116 3907 ostendere,
1147 3848 1248 3896 coer-

196 3940 309 4008 cenda
331 3944 549 4031 quorundam
568 3944 805 4034 improborum
826 3943 1076 4013 malevolentia
1099 3951 1163 4023 est,
1182 3946 1244 4034 qui

196 4052 320 4125 fratres
341 4059 422 4126 odio
445 4069 518 4128 tam
536 4058 677 4151 capitali
700 4069 967 4151 prosequuntur,
987 4069 1027 4128 ut
1044 4058 1123 4130 illos
1147 4059 1244 4131 falsis

195 4170 398 4243 criminibus
432 4176 647 4245 calumnioso
679 4176 790 4246 veiint
820 4178 1026 4271 opprimere.
1084 4177 1164 4260 Quo
1198 4178 1315 4247 fitrztt

196 4294 236 4351 ut
269 4285 385 4377 legum
414 4290 520 4361 fraena
547 4291 688 4361 illorum
720 4293 873 4363 licentiae
903 4294 1094 4365 sentiamus
1124 4293 1236 4384 injici-
