2692 4800
389 255 402 281 ⁰
443 363 450 375 ,
495 310 699 369 uonurrous
724 311 851 362 nrcrrs.
1120 295 1193 370 249

253 581 331 666 Gap.
349 581 398 646 18.
425 580 626 651 Quomndam
640 580 810 646 testimonio
823 578 993 665 repellanda
1007 588 1089 642 sont.
1206 582 1266 647 118

194 719 268 804 Qui
287 719 375 790 falso
392 718 449 790 vel
470 720 563 789 varia
580 720 784 790 testimonia
800 720 965 800 dixerint,
981 718 1034 804 vel
1053 717 1194 810 utrique

144 837 237 928 parti
269 856 410 906 causam
446 835 674 928 prodiderint,
704 836 835 928 quique
870 835 916 905 ob
950 835 1194 905 testimouium

145 951 346 1034 dicendum,
373 950 429 1022 rel
463 974 535 1021 non
565 951 765 1033 dicendum,
791 951 978 1044 pecuniam
1004 947 1192 1043 accepisse¹

139 1067 292 1160 judicati
319 1065 463 1148 fuerint,
481 1088 553 1135 non
575 1065 689 1136 solum
716 1067 786 1137 fide
811 1066 908 1136 omui
932 1065 1115 1150 carebunt,
1133 1065 1194 1135 sed

145 1185 254 1255 etiarn
271 1206 294 1253 a
304 1182 487 1274 judicibus
513 1182 686 1276 condigne
708 1183 909 1275 punientur,
928 1189 965 1250 et
991 1181 1081 1273 parti
1108 1180 1195 1251 laesae

145 1298 372 1369 satisfaciant.

312 1508 390 1593 (lap.
403 1526 452 1592 19.
481 1507 545 1578 Qui
559 1529 580 1572 a
594 1507 759 1573 unimomo
773 1505 936 1592 repellendi
949 1515 1029 1572 cant.

197 1644 381 1738 Partioeps
406 1644 563 1715 criminis
587 1645 770 1738 minorque
788 1645 912 1738 viginti
938 1645 1040 1715 annis
1065 1645 1102 1714 in
1128 1646 1195 1714 ori·

146 1760 335 1834 miuulibus
359 1761 473 1831 causis
499 1759 743 1831 testimonium
768 1759 917 1830 reddere
942 1782 1014 1829 non
1039 1759 1194 1840 debeut3

146 1901 214 1948 uec
231 1878 261 1947 is
278 1877 388 1948 etiam
405 1877 466 1968 qui
483 1884 567 1946 ante
582 1877 620 1945 iu
642 1875 748 1947 simili
765 1897 871 1946 causa
891 1875 1137 1945 testimouium
1158 1876 1194 1944 in

147 2016 231 2063 eum
268 1993 399 2064 dixisse
440 1991 657 2083 probabitur.
728 1990 986 2074 Procuratores,
1020 1990 1194 2074 advocati,

147 2111 329 2201 ceterique
352 2108 495 2202 negotia
517 2107 664 2199 alicujus
689 2115 853 2200 gerentes
879 2108 922 2178 ud
950 2108 1194 2178 testimonium

147 2247 210 2317 pro
236 2224 388 2295 dominis
414 2224 486 2294 suis
515 2245 587 2293 nou
612 2224 858 2293 admittantur.
914 2222 969 2293 At
995 2225 1023 2294 si
1049 2225 1195 2294 adversa

146 2364 226 2434 pars
246 2362 369 2411 eorum
389 2340 600 2410 testimoniis
619 2339 673 2410 uti
691 2339 854 2421 voluerit,
872 2338 1069 2421 veritatem,
1088 2363 1193 2432 quam

147 2457 319 2538 novamnt,
336 2465 417 2549 post
432 2455 632 2547 depositum
651 2455 806 2526 officium
824 2455 941 2526 dicere
959 2463 1144 2548 cogentur.

402 2667 480 2753 (lap.
497 2685 549 2731 20.
575 2667 672 2731 Teates
687 2666 724 2731 do
738 2666 942 2731 universitate.

196 2805 336 2901 Singuli
353 2807 398 2877 de
416 2806 646 2877 universitate
669 2803 788 2897 aliqua
810 2811 957 2896 possunt
983 2825 1060 2874 esse
1085 2813 1194 2876 testes

147 2926 184 2995 iu
209 2945 315 2994 ceusu
339 2921 447 3014 ipsius
471 2921 718 3003 universitatis,
736 2921 766 2991 si
791 2943 862 2990 non
886 2920 1128 3012 principaliter
1149 2922 1194 2993 de

142 3042 225 3132 jure
241 3039 351 3131 ipsius
371 3039 472 3109 testis
494 3047 632 3132 agutur,
649 3047 714 3108 aut
729 3036 776 3106 de
796 3034 963 3129 singulari
981 3058 1045 3107 suo
1062 3045 1098 3106 et
1122 3059 1193 3108 non

147 3157 387 3230 universitatis
403 3155 591 3227 commodo
608 3163 743 3248 agatur.

233 3367 310 3453 (lap.
325 3387 377 3435 21.
400 3367 497 3432 Teates
512 3365 665 3431 domestici
679 3365 801 3450 qnando
816 3363 958 3430 anteat
966 3375 1107 3451 possam.

198 3506 277 3578 Usu
300 3515 521 3599 compertum
545 3515 610 3589 est,
628 3504 817 3577 nonnullos
842 3506 916 3576 sive
942 3506 1046 3576 taedio
1072 3506 1195 3598 prioris

146 3624 302 3717 conjugii
334 3621 488 3704 affectos,
520 3623 593 3693 sive
626 3644 688 3714 spe
722 3621 866 3691 secundi
896 3622 1009 3714 magis
1039 3621 1193 3714 prosperi

144 3738 362 3811 matrimonii
387 3738 523 3820 ductos,
545 3739 678 3808 crimen
704 3736 870 3807 adulterii
894 3736 1101 3831 conjugibus
1123 3737 1195 3807 suis

146 3857 352 3950 impingere.
405 3853 462 3924 Sit
487 3854 596 3947 igitur
614 3853 728 3945 judex
754 3853 790 3922 in
814 3852 881 3923 bac
906 3863 1006 3945 parte
1031 3852 1194 3944 prudens,

147 3995 212 4043 uec
241 3970 345 4042 facile
371 3970 435 4040 sibi
462 3970 598 4062 imponi
623 3970 818 4062 permittat,
839 3991 905 4039 nec
928 3968 1195 4061 quibuscunque

148 4091 279 4171 credat,
294 4088 354 4179 qui
368 4087 567 4179 suspicione
580 4085 698 4177 aliqua
715 4083 886 4166 laborent,
900 4084 1005 4176 quive
1019 4085 1194 4153 dictorum

149 4225 289 4275 suorum
313 4201 530 4297 probabilem
555 4198 709 4292 aliquam
736 4209 773 4268 et
791 4198 1062 4269 concludentem
1086 4199 1194 4268 ratio-

591 4341 598 4379 ¹
614 4339 755 4414 recipisse.
