2692 4800
148 270 220 342 136
519 290 840 344 nnrssrsuarrrm.

365 510 443 596 Gap.
454 531 484 596 3.
507 513 556 576 De
570 517 742 577 testamento
754 480 969 598 auocrpotino.
988 591 993 601 Ι

194 649 233 721 Si
258 651 337 743 quis
362 673 407 722 ex
435 650 508 722 vita
531 653 649 723 subito
674 651 888 747 migraverit,
905 651 1016 721 trium
1042 652 1187 745 probate

144 766 226 837 fidei
244 765 390 837 testium
408 789 596 838 consensus
616 768 820 860 accipietur,
836 766 922 839 licet
938 775 1187 841 testamentum

144 882 282 976 scriptis
312 884 520 954 mandatum
555 907 626 955 non
656 885 713 955 sit.
771 881 821 954 Et
849 883 885 953 in
910 891 1067 977 utroque
1091 894 1188 957 testa·

144 1001 256 1070 menti
279 1022 420 1093 genere,
438 1010 512 1070 tam
540 1000 671 1093 scripto
696 1023 804 1093 quam
829 1022 993 1071 sermone
1018 1003 1189 1073 testatoris

144 1125 307 1209 excepto,
337 1117 432 1209 quod
465 1118 748 1209 nuncupativum
782 1125 921 1202 vocant,
951 1116 1041 1189 satis
1071 1118 1187 1190 eritsi

145 1232 351 1303 testamenti
375 1231 429 1302 sui
451 1239 602 1303 testator
623 1231 799 1303 haeredem
821 1232 1070 1305 nominaverit.

321 1439 399 1525 Cap.
410 1459 441 1520 4.
467 1438 555 1519 Quod
568 1447 778 1504 testamentum
792 1438 892 1505 vobere
906 1437 1018 1505 dotem.

194 1581 344 1674 Semper
365 1582 433 1652 hoc
457 1581 569 1650 teneri
592 1579 719 1673 placet,
738 1588 779 1649 ut
796 1581 911 1650 omnis
933 1580 1131 1653 authoritas
1149 1583 1185 1654 ad

143 1713 363 1791 postremum
397 1707 654 1768 testamentum
695 1698 994 1780 accommodetur,
1031 1706 1071 1768 et
1103 1723 1186 1792 quse

144 1838 285 1908 cunque
311 1813 400 1886 sint¹
432 1823 635 1908 antegressa
661 1837 724 1906 pro
754 1811 861 1884 nullis
891 1812 1102 1899 habeantur,
1128 1815 1186 1886 nisi

144 1939 320 2002 certarum
351 1931 387 2000 in
418 1930 487 2000 illis
521 1931 715 2023 positarum
746 1952 864 1999 rerum
894 1937 1046 2000 testator
1075 1941 1187 2024 aperte

138 2046 285 2140 jusserit
317 2048 354 2117 in
389 2055 567 2140 postremo
601 2054 816 2116 testamento
855 2047 1027 2116 rationem
1065 2046 1222 2131 haberi65

145 2163 307 2248 Quodsi
338 2163 538 2257 contigerit,
566 2161 638 2232 illae
670 2160 782 2233 solum
815 2185 869 2232 res
899 2162 1123 2247 consistant²‚
1150 2165 1187 2236 de

144 2280 272 2371 quibus
295 2279 483 2372 separatim
508 2288 657 2350 testator
679 2279 783 2350 cavit.

485 2467 563 2552 Gap.
578 2481 610 2552 5.
634 2466 683 2530 De
697 2463 854 2529 mciicitlia

196 2605 373 2690 Quoniam
396 2630 487 2700 saepe
509 2606 686 2699 contingit
710 2614 760 2687 ut,
778 2603 936 2697 perfecto
956 2604 1188 2698 conclusoque

146 2729 373 2805 testamento,
392 2721 507 2792 multa
533 2723 694 2792 testatori
721 2722 865 2791 veniant
890 2721 926 2790 in
952 2731 1124 2805 mentem,
1150 2723 1189 2793 de

146 2837 274 2930 quibus
297 2840 333 2907 in
358 2846 573 2908 testamento
594 2860 665 2906 non
689 2839 908 2929 praecaverit,
925 2847 963 2907 et
987 2862 1066 2930 quae
1090 2839 1192 2910 vehe-

146 2965 287 3026 menter
309 2956 352 3026 ad
378 2955 466 3025 illud
489 2955 617 3047 apponi
643 2952 738 3036 velit,
757 2963 945 3047 propterea
968 2956 1192 3026 concedimus

147 3082 188 3142 ut
213 3075 281 3143 ista
304 3074 496 3165 posteriora
518 3094 587 3140 non
611 3073 728 3141 minus
752 3070 906 3141 habeant
927 3071 1072 3154 roboris,
1090 3095 1193 3164 quarn

147 3211 290 3279 eaquae
316 3196 399 3257 sunt
425 3189 460 3256 in
488 3195 702 3257 testamento
728 3185 920 3268 collocata3
947 3185 976 3254 si
1001 3185 1113 3255 literis
1137 3184 1195 3255 illa

147 3306 314 3376 custodiri
343 3304 544 3396 providerit,
571 3312 634 3373 aut
665 3326 686 3372 a
711 3302 941 3395 praesentibus
967 3302 1108 3372 duobus
1135 3312 1195 3372 aut

148 3422 259 3492 tribus
293 3420 451 3513 probatae
482 3421 561 3490 fidei
595 3421 744 3490 testibus
778 3429 888 3512 petat,
919 3429 961 3489 ut
992 3418 1055 3490 illa
1086 3418 1196 3490 veiint

148 3538 319 3609 attestari.

212 3725 288 3811 Gap.
306 3729 333 3788 6·
362 3725 427 3794 Quo
441 3734 568 3811 tempore
583 3723 670 3788 biceot
684 3733 789 3787 contro
803 3728 1015 3787 testamcutum
1030 3742 1128 3806 opere.

200 3865 238 3936 Si
262 3867 340 3957 quis
364 3874 487 3935 contra
510 3874 764 3936 testamentum
792 3866 827 3933 in
847 3863 984 3955 jndicio
1008 3864 1196 3955 quicquam

149 3982 271 4052 afferre
289 3981 385 4064 velit,
404 3981 460 4050 vel
481 3982 516 4050 id
536 3983 736 4073 interponat
754 4004 835 4050 cnm
860 3993 1002 4070 tempus
1026 3989 1079 4048 est
1102 4002 1198 4049 corn-

149 4099 318 4191 probandi
338 4101 551 4180 testamenti,
567 4098 620 4170 vel
640 4099 721 4168 anui
741 4099 854 4191 spatio
871 4107 1011 4189 ternpus
1029 4096 1095 4166 hoc
1114 4120 1198 4166 con-

315 4301 319 4338 ¹
338 4318 411 4365 sunt.
840 4299 852 4336 ²
867 4304 1032 4360 consistent.
