2692 4800
493 342 698 402 nonuuoun
723 343 850 396 mens.
1121 330 1194 396 245

148 495 209 567 Ad
234 495 343 567 fidem
370 503 490 566 tamen
513 498 562 568 rei
583 506 690 591 gestae
716 499 825 569 etiam
849 522 920 569 non
946 502 1059 593 rogati
1088 508 1197 571 testes

149 612 341 683 sufficiunt.

397 706 475 792 Cap.
487 723 518 792 5.
542 706 692 773 Aevom
699 708 807 793 panis
822 707 937 774 citatio

200 848 287 920 Non
304 847 419 919 solum
437 858 558 920 antem
575 857 694 931 testes,
706 849 769 919 sed
787 860 825 921 et
842 872 930 943 pars,
949 857 1196 942 contraquam

148 964 201 1036 illi
226 964 480 1057 producuntur,
506 964 665 1036 vocanda
691 973 747 1035 est
772 965 816 1036 ad
842 967 1058 1037 audiendum
1085 975 1123 1037 ct
1149 967 1199 1036 vi-

148 1080 307 1151 dandum
327 1086 437 1150 testes
456 1079 615 1172 produci,
633 1078 789 1172 generali
813 1079 971 1152 clausula
987 1081 1197 1152 citationum

149 1195 300 1287 adjecta,
318 1195 413 1286 quod
430 1196 504 1265 sive
522 1203 691 1265 venturus
708 1195 767 1277 sit,
781 1196 855 1266 sive
872 1218 953 1278 non,
971 1206 1092 1266 tamen
1103 1196 1201 1288 judi-

149 1333 227 1381 cem
255 1331 497 1402 processurum
524 1310 560 1379 in
582 1331 694 1392 causa,
713 1319 885 1402 quantum
906 1309 951 1381 de
970 1310 1053 1401 jure
1079 1311 1199 1402 possit.

150 1423 288 1517 Fasque
317 1424 423 1496 simul
453 1426 486 1496 ei
519 1425 681 1496 facienda
710 1426 812 1518 copia
841 1425 1080 1508 articulorum,
1111 1447 1200 1517 quus

149 1539 222 1623 ille,
249 1540 309 1632 qui
335 1549 446 1611 testes
471 1540 649 1632 produxit,
668 1540 782 1632 judici
813 1540 1001 1623 exhibuit3
1039 1551 1081 1611 ut
1107 1543 1137 1612 si
1167 1541 1199 1611 ei

151 1656 273 1743 libeat,
291 1657 515 1750 interponere
533 1657 643 1749 possit
661 1678 742 1726 snas
759 1657 1061 1750 interrogationes.

468 1867 545 1952 Gap.
557 1870 588 1932 6.
611 1867 878 1953 Interrogatiorm.

203 2006 418 2100 Interrogari
436 2015 557 2076 autem
577 2014 695 2098 potest
711 2015 749 2076 et
766 2006 812 2076 de
829 2027 986 2098 personae
1003 2005 1082 2088 fide,
1101 2015 1140 2076 et
1157 2005 1201 2077 de

151 2123 286 2218 negotii
303 2121 589 2193 circumstantiis.
640 2121 702 2192 Ad
728 2143 884 2214 personae
907 2121 1014 2192 fidem
1038 2128 1201 2215 spectant

150 2237 405 2333 explorandam
422 2237 548 2319 studia,
562 2259 687 2319 mores,
702 2235 914 2318 voluntates,
932 2237 1091 2319 fortune,
1105 2245 1201 2323 retas,

150 2357 329 2451 cognatio,
350 2355 530 2446 totiusque
550 2354 629 2424 vitae
654 2355 823 2425 conditio.
873 2354 934 2424 Ad
958 2355 1093 2448 negotii
1117 2376 1201 2424 vero

151 2471 433 2544 circumstantias
458 2470 640 2563 pertinent
664 2470 844 2562 quomodo
870 2471 906 2539 in
932 2471 1008 2561 ejus
1033 2471 1081 2540 rei
1109 2471 1201 2541 noti-

151 2589 240 2660 tiam
268 2589 372 2659 testis
396 2587 609 2680 pervenerit,
633 2607 679 2656 an
704 2583 797 2678 ipse¹
823 2587 968 2679 negotio
988 2585 1201 2666 interfuerit,

150 2726 197 2774 an
221 2703 268 2775 ab
290 2701 368 2774 aliis
391 2702 577 2794 acceperit,
596 2711 633 2771 et
656 2724 764 2793 quare
790 2700 935 2783 facturn,
953 2702 1119 2793 quodque
1144 2702 1200 2782 sit,

151 2842 224 2912 quo
241 2829 415 2911 ternpore,
432 2840 503 2910 quo
520 2816 611 2902 loco,
629 2840 700 2909 qua
715 2839 787 2910 spe,
805 2840 876 2909 quo
893 2817 1051 2888 consilio.

263 3031 342 3116 Gap.
354 3047 386 3112 7.
409 3028 531 3094 Diletio
544 3029 590 3094 ad
602 3028 849 3115 aesopum
863 3028 1089 3115 coadpieudus.

201 3167 264 3239 Ad
281 3166 345 3237 has
361 3174 483 3236 autem
500 3167 793 3260 interrogationes
810 3166 1057 3259 concipiendas
1075 3166 1201 3238 itidem

151 3290 271 3376 potest
295 3281 370 3375 peti
396 3280 519 3352 dilatio
537 3304 559 3350 a
577 3289 685 3373 parte,
704 3288 827 3352 contra
853 3302 960 3372 quarn
985 3289 1096 3352 testes
1121 3303 1201 3374 pro·

151 3399 341 3469 ducuntur.
384 3395 471 3466 Non
487 3404 609 3467 autem
627 3396 736 3467 debet
747 3396 861 3488 judex
879 3397 1200 3490 interrogationum

152 3514 290 3607 copiam
313 3512 430 3583 facere
451 3513 543 3605 parti
568 3512 776 3605 producenti
800 3520 920 3593 testes,
938 3533 984 3583 ne
1002 3534 1062 3582 ecs
1085 3534 1130 3583 ex
1147 3511 1203 3586 his

150 3628 197 3700 ad
214 3626 497 3720 respondendnm
515 3627 689 3697 instituat.

247 3839 324 3926 Gap.
337 3839 366 3904 8.
389 3838 572 3903 prouocato
587 3837 621 3903 iu
635 3837 813 3903 cohibitum
829 3838 1106 3925 interrogationum.

203 3974 329 4046 Potest
358 3996 500 4067 quoque
530 3996 609 4066 pars
638 3975 675 4043 in
705 3972 926 4045 exhibitione
956 3973 1200 4065 interrogatio-

151 4114 238 4161 num
263 4091 460 4185 protestari‚
478 4091 572 4182 quod
598 4099 745 4161 eatenus
769 4088 856 4160 velit
879 4088 1068 4160 admittere
1092 4095 1201 4158 testes

152 4207 350 4300 productos,
381 4216 423 4278 ut
456 4207 523 4277 sibi
557 4206 694 4278 salvum
727 4213 870 4276 maneat
897 4206 958 4297 jus
991 4201 1201 4296 reprobandi

638 4348 645 4386 ¹
661 4344 724 4419 ipsi.
