<?xml version="1.0" encoding="UTF-8"?>
<!DOCTYPE html PUBLIC "-//W3C//DTD XHTML 1.0 Transitional//EN"
    "http://www.w3.org/TR/xhtml1/DTD/xhtml1-transitional.dtd">
<html xmlns="http://www.w3.org/1999/xhtml" xml:lang="en" lang="en">
 <head>
  <title>
</title>
<meta http-equiv="Content-Type" content="text/html;charset=utf-8" />
  <meta name='ocr-system' content='tesseract 3.04.00' />
  <meta name='ocr-capabilities' content='ocr_page ocr_carea ocr_par ocr_line ocrx_word'/>
</head>
<body>
  <div class='ocr_page' id='page_1' title='image "./reformationeccl01cardgoog_0162.png"; bbox 0 0 2692 4800; ppageno 0'>
   <div class='ocr_carea' id='block_1_1' title="bbox 473 285 1196 359">
    <p class='ocr_par' dir='ltr' id='par_1_1' title="bbox 473 285 1196 359">
     <span class='ocr_line' id='line_1_1' title="bbox 473 285 1196 359; baseline -0.008 -4"><span class='ocrx_word' id='word_1_1' title='bbox 473 305 522 355; x_wconf 80' lang='lat' dir='ltr'>nr</span> <span class='ocrx_word' id='word_1_2' title='bbox 546 304 687 356; x_wconf 80' lang='lat' dir='ltr'>munus</span> <span class='ocrx_word' id='word_1_3' title='bbox 713 302 874 353; x_wconf 81' lang='lat' dir='ltr'>orurcus.</span> <span class='ocrx_word' id='word_1_4' title='bbox 1148 285 1196 359; x_wconf 84' lang='lat'>95</span> 
     </span>
    </p>
   </div>
   <div class='ocr_carea' id='block_1_2' title="bbox 176 548 1275 644">
    <p class='ocr_par' dir='ltr' id='par_1_2' title="bbox 176 548 1275 644">
     <span class='ocr_line' id='line_1_2' title="bbox 176 548 1275 644; baseline -0.004 -21"><span class='ocrx_word' id='word_1_5' title='bbox 176 558 254 644; x_wconf 80' lang='lat' dir='ltr'>Cap.</span> <span class='ocrx_word' id='word_1_6' title='bbox 272 577 324 639; x_wconf 82' lang='lat'>14.</span> <span class='ocrx_word' id='word_1_7' title='bbox 347 558 388 620; x_wconf 77' lang='lat' dir='ltr'>Io</span> <span class='ocrx_word' id='word_1_8' title='bbox 395 556 535 643; x_wconf 62' lang='lat' dir='ltr'>privatis</span> <span class='ocrx_word' id='word_1_9' title='bbox 550 553 686 620; x_wconf 63' lang='lat' dir='ltr'>domimo</span> <span class='ocrx_word' id='word_1_10' title='bbox 700 551 863 617; x_wconf 78' lang='lat' dir='ltr'>communio</span> <span class='ocrx_word' id='word_1_11' title='bbox 878 573 936 615; x_wconf 78' lang='lat' dir='ltr'>coc</span> <span class='ocrx_word' id='word_1_12' title='bbox 951 548 1160 616; x_wconf 76' lang='lat' dir='ltr'>celebrabitur.</span> <span class='ocrx_word' id='word_1_13' title='bbox 1272 611 1275 619; x_wconf 31' lang='lat'><em>1</em></span> 
     </span>
    </p>
   </div>
   <div class='ocr_carea' id='block_1_3' title="bbox 148 691 1203 1816">
    <p class='ocr_par' dir='ltr' id='par_1_3' title="bbox 148 691 1203 1816">
     <span class='ocr_line' id='line_1_3' title="bbox 195 691 1198 782; baseline -0.011 -13"><span class='ocrx_word' id='word_1_14' title='bbox 195 696 469 769; x_wconf 81' lang='lat' dir='ltr'>Communionis</span> <span class='ocrx_word' id='word_1_15' title='bbox 489 694 643 766; x_wconf 88' lang='lat' dir='ltr'>officium</span> <span class='ocrx_word' id='word_1_16' title='bbox 668 694 703 763; x_wconf 92' lang='lat' dir='ltr'>in</span> <span class='ocrx_word' id='word_1_17' title='bbox 728 691 893 763; x_wconf 86' lang='lat' dir='ltr'>domibus</span> <span class='ocrx_word' id='word_1_18' title='bbox 915 691 1103 782; x_wconf 87' lang='lat' dir='ltr'>separatim</span> <span class='ocrx_word' id='word_1_19' title='bbox 1127 711 1198 758; x_wconf 94' lang='lat' dir='ltr'>non</span> 
     </span>
     <span class='ocr_line' id='line_1_4' title="bbox 148 806 1198 902; baseline -0.009 -19"><span class='ocrx_word' id='word_1_20' title='bbox 148 812 369 884; x_wconf 84' lang='lat' dir='ltr'>instituetur.</span> <span class='ocrx_word' id='word_1_21' title='bbox 422 809 518 880; x_wconf 91' lang='lat' dir='ltr'>Nam</span> <span class='ocrx_word' id='word_1_22' title='bbox 537 831 628 901; x_wconf 84' lang='lat' dir='ltr'>saepe</span> <span class='ocrx_word' id='word_1_23' title='bbox 647 808 688 878; x_wconf 86' lang='lat' dir='ltr'>fit</span> <span class='ocrx_word' id='word_1_24' title='bbox 706 808 801 878; x_wconf 88' lang='lat' dir='ltr'>utin</span> <span class='ocrx_word' id='word_1_25' title='bbox 824 806 961 902; x_wconf 85' lang='lat' dir='ltr'>angulis</span> <span class='ocrx_word' id='word_1_26' title='bbox 984 806 1198 898; x_wconf 84' lang='lat' dir='ltr'>privatamm</span> 
     </span>
     <span class='ocr_line' id='line_1_5' title="bbox 149 924 1199 1020; baseline -0.01 -20"><span class='ocrx_word' id='word_1_27' title='bbox 149 929 282 1002; x_wconf 79' lang='lat' dir='ltr'>aedinm</span> <span class='ocrx_word' id='word_1_28' title='bbox 300 949 436 998; x_wconf 90' lang='lat' dir='ltr'>errores</span> <span class='ocrx_word' id='word_1_29' title='bbox 453 934 490 997; x_wconf 87' lang='lat' dir='ltr'>et</span> <span class='ocrx_word' id='word_1_30' title='bbox 503 924 712 1020; x_wconf 83' lang='lat' dir='ltr'>pestilentes</span> <span class='ocrx_word' id='word_1_31' title='bbox 729 925 911 1017; x_wconf 84' lang='lat' dir='ltr'>opiniones</span> <span class='ocrx_word' id='word_1_32' title='bbox 928 924 1199 1003; x_wconf 85' lang='lat' dir='ltr'>insusurrentur,</span> 
     </span>
     <span class='ocr_line' id='line_1_6' title="bbox 150 1034 1198 1136; baseline -0.01 -20"><span class='ocrx_word' id='word_1_33' title='bbox 150 1053 188 1116; x_wconf 81' lang='lat' dir='ltr'>et</span> <span class='ocrx_word' id='word_1_34' title='bbox 202 1045 256 1116; x_wconf 80' lang='lat' dir='ltr'>ita</span> <span class='ocrx_word' id='word_1_35' title='bbox 272 1065 515 1136; x_wconf 79' lang='lat' dir='ltr'>saepenumero</span> <span class='ocrx_word' id='word_1_36' title='bbox 532 1042 718 1133; x_wconf 84' lang='lat' dir='ltr'>contingit,</span> <span class='ocrx_word' id='word_1_37' title='bbox 736 1047 778 1109; x_wconf 85' lang='lat' dir='ltr'>ut</span> <span class='ocrx_word' id='word_1_38' title='bbox 794 1047 1015 1111; x_wconf 85' lang='lat' dir='ltr'>sacrosancta</span> <span class='ocrx_word' id='word_1_39' title='bbox 1030 1034 1198 1108; x_wconf 88' lang='lat' dir='ltr'>Domini¹</span> 
     </span>
     <span class='ocr_line' id='line_1_7' title="bbox 151 1153 1199 1255; baseline -0.011 -21"><span class='ocrx_word' id='word_1_40' title='bbox 151 1184 263 1244; x_wconf 88' lang='lat' dir='ltr'>eoena,</span> <span class='ocrx_word' id='word_1_41' title='bbox 276 1183 356 1253; x_wconf 79' lang='lat' dir='ltr'>quae</span> <span class='ocrx_word' id='word_1_42' title='bbox 372 1158 556 1255; x_wconf 81' lang='lat' dir='ltr'>singularis</span> <span class='ocrx_word' id='word_1_43' title='bbox 573 1167 629 1228; x_wconf 86' lang='lat' dir='ltr'>est</span> <span class='ocrx_word' id='word_1_44' title='bbox 645 1180 709 1251; x_wconf 91' lang='lat' dir='ltr'>per</span> <span class='ocrx_word' id='word_1_45' title='bbox 725 1179 763 1227; x_wconf 93' lang='lat' dir='ltr'>se</span> <span class='ocrx_word' id='word_1_46' title='bbox 779 1155 917 1239; x_wconf 91' lang='lat' dir='ltr'>amoris,</span> <span class='ocrx_word' id='word_1_47' title='bbox 931 1153 1199 1247; x_wconf 83' lang='lat' dir='ltr'>conjunctionis,</span> 
     </span>
     <span class='ocr_line' id='line_1_8' title="bbox 152 1271 1202 1367; baseline -0.01 -17"><span class='ocrx_word' id='word_1_48' title='bbox 152 1288 188 1350; x_wconf 86' lang='lat' dir='ltr'>et</span> <span class='ocrx_word' id='word_1_49' title='bbox 203 1277 390 1350; x_wconf 77' lang='lat' dir='ltr'>charitatis</span> <span class='ocrx_word' id='word_1_50' title='bbox 407 1276 509 1348; x_wconf 85' lang='lat' dir='ltr'>testis</span> <span class='ocrx_word' id='word_1_51' title='bbox 533 1283 572 1347; x_wconf 78' lang='lat' dir='ltr'>et</span> <span class='ocrx_word' id='word_1_52' title='bbox 597 1283 694 1362; x_wconf 82' lang='lat' dir='ltr'>nota,</span> <span class='ocrx_word' id='word_1_53' title='bbox 712 1295 822 1367; x_wconf 90' lang='lat' dir='ltr'>quum</span> <span class='ocrx_word' id='word_1_54' title='bbox 846 1275 882 1343; x_wconf 93' lang='lat' dir='ltr'>in</span> <span class='ocrx_word' id='word_1_55' title='bbox 908 1293 1063 1344; x_wconf 90' lang='lat' dir='ltr'>secessus</span> <span class='ocrx_word' id='word_1_56' title='bbox 1089 1271 1202 1363; x_wconf 91' lang='lat' dir='ltr'>priva·</span> 
     </span>
     <span class='ocr_line' id='line_1_9' title="bbox 153 1389 1203 1480; baseline -0.009 -14"><span class='ocrx_word' id='word_1_57' title='bbox 153 1406 270 1466; x_wconf 82' lang='lat' dir='ltr'>tarum</span> <span class='ocrx_word' id='word_1_58' title='bbox 299 1394 429 1464; x_wconf 73' lang='lat' dir='ltr'>edium</span> <span class='ocrx_word' id='word_1_59' title='bbox 456 1392 682 1472; x_wconf 80' lang='lat' dir='ltr'>distrahatur,</span> <span class='ocrx_word' id='word_1_60' title='bbox 709 1414 778 1460; x_wconf 91' lang='lat' dir='ltr'>non</span> <span class='ocrx_word' id='word_1_61' title='bbox 809 1389 923 1460; x_wconf 91' lang='lat' dir='ltr'>solum</span> <span class='ocrx_word' id='word_1_62' title='bbox 952 1411 1093 1459; x_wconf 92' lang='lat' dir='ltr'>omnem</span> <span class='ocrx_word' id='word_1_63' title='bbox 1124 1410 1203 1480; x_wconf 91' lang='lat' dir='ltr'>pro·</span> 
     </span>
     <span class='ocr_line' id='line_1_10' title="bbox 153 1504 1201 1605; baseline -0.01 -22"><span class='ocrx_word' id='word_1_64' title='bbox 153 1512 266 1605; x_wconf 81' lang='lat' dir='ltr'>priam</span> <span class='ocrx_word' id='word_1_65' title='bbox 292 1511 436 1582; x_wconf 81' lang='lat' dir='ltr'>amittat</span> <span class='ocrx_word' id='word_1_66' title='bbox 461 1518 500 1580; x_wconf 85' lang='lat' dir='ltr'>et</span> <span class='ocrx_word' id='word_1_67' title='bbox 523 1507 666 1578; x_wconf 83' lang='lat' dir='ltr'>insitam</span> <span class='ocrx_word' id='word_1_68' title='bbox 693 1509 777 1590; x_wconf 84' lang='lat' dir='ltr'>vim,</span> <span class='ocrx_word' id='word_1_69' title='bbox 800 1505 862 1577; x_wconf 91' lang='lat' dir='ltr'>sed</span> <span class='ocrx_word' id='word_1_70' title='bbox 886 1506 994 1576; x_wconf 84' lang='lat' dir='ltr'>etiam</span> <span class='ocrx_word' id='word_1_71' title='bbox 1019 1504 1201 1574; x_wconf 89' lang='lat' dir='ltr'>bominum</span> 
     </span>
     <span class='ocr_line' id='line_1_11' title="bbox 153 1622 1203 1719; baseline -0.009 -19"><span class='ocrx_word' id='word_1_72' title='bbox 153 1627 300 1699; x_wconf 88' lang='lat' dir='ltr'>immani</span> <span class='ocrx_word' id='word_1_73' title='bbox 335 1626 467 1699; x_wconf 84' lang='lat' dir='ltr'>scelere</span> <span class='ocrx_word' id='word_1_74' title='bbox 500 1626 693 1719; x_wconf 83' lang='lat' dir='ltr'>degeneret</span> <span class='ocrx_word' id='word_1_75' title='bbox 727 1625 763 1694; x_wconf 94' lang='lat' dir='ltr'>in</span> <span class='ocrx_word' id='word_1_76' title='bbox 799 1622 872 1694; x_wconf 85' lang='lat' dir='ltr'>litis</span> <span class='ocrx_word' id='word_1_77' title='bbox 911 1623 1130 1694; x_wconf 80' lang='lat' dir='ltr'>occasionem</span> <span class='ocrx_word' id='word_1_78' title='bbox 1165 1629 1203 1691; x_wconf 85' lang='lat' dir='ltr'>et</span> 
     </span>
     <span class='ocr_line' id='line_1_12' title="bbox 154 1745 352 1816; baseline -0.01 0"><span class='ocrx_word' id='word_1_79' title='bbox 154 1745 352 1816; x_wconf 79' lang='lat' dir='ltr'>discordiae.</span> 
     </span>
    </p>
   </div>
   <div class='ocr_carea' id='block_1_4' title="bbox 156 1949 1254 3000">
    <p class='ocr_par' dir='ltr' id='par_1_4' title="bbox 156 1949 1254 3000">
     <span class='ocr_line' id='line_1_13' title="bbox 165 1949 1254 2043; baseline -0.008 -20"><span class='ocrx_word' id='word_1_80' title='bbox 165 1957 244 2043; x_wconf 78' lang='lat' dir='ltr'>Gap.</span> <span class='ocrx_word' id='word_1_81' title='bbox 262 1972 311 2043; x_wconf 82' lang='lat'>15.</span> <span class='ocrx_word' id='word_1_82' title='bbox 338 1953 424 2036; x_wconf 72' lang='lat' dir='ltr'>Quid</span> <span class='ocrx_word' id='word_1_83' title='bbox 435 1954 469 2018; x_wconf 80' lang='lat' dir='ltr'>ic</span> <span class='ocrx_word' id='word_1_84' title='bbox 483 1954 607 2040; x_wconf 68' lang='lat' dir='ltr'>aprelis</span> <span class='ocrx_word' id='word_1_85' title='bbox 621 1962 648 2018; x_wconf 78' lang='lat' dir='ltr'>et</span> <span class='ocrx_word' id='word_1_86' title='bbox 653 1952 797 2038; x_wconf 74' lang='lat' dir='ltr'>familiis</span> <span class='ocrx_word' id='word_1_87' title='bbox 811 1950 956 2016; x_wconf 74' lang='lat' dir='ltr'>nobilium</span> <span class='ocrx_word' id='word_1_88' title='bbox 970 1951 1065 2016; x_wconf 70' lang='lat' dir='ltr'>tenori</span> <span class='ocrx_word' id='word_1_89' title='bbox 1079 1949 1190 2014; x_wconf 69' lang='lat' dir='ltr'>mim.</span> <span class='ocrx_word' id='word_1_90' title='bbox 1211 1951 1254 2031; x_wconf 91' lang='lat'>46</span> 
     </span>
     <span class='ocr_line' id='line_1_14' title="bbox 204 2089 1203 2186; baseline -0.002 -24"><span class='ocrx_word' id='word_1_91' title='bbox 204 2089 477 2186; x_wconf 70' lang='lat' dir='ltr'>AEgrotentibus</span> <span class='ocrx_word' id='word_1_92' title='bbox 509 2099 632 2159; x_wconf 83' lang='lat' dir='ltr'>tamen</span> <span class='ocrx_word' id='word_1_93' title='bbox 666 2101 704 2159; x_wconf 84' lang='lat' dir='ltr'>et</span> <span class='ocrx_word' id='word_1_94' title='bbox 733 2089 964 2160; x_wconf 83' lang='lat' dir='ltr'>vehementer</span> <span class='ocrx_word' id='word_1_95' title='bbox 997 2089 1203 2171; x_wconf 83' lang='lat' dir='ltr'>debilitatis,</span> 
     </span>
     <span class='ocr_line' id='line_1_15' title="bbox 156 2203 1205 2300; baseline -0.007 -19"><span class='ocrx_word' id='word_1_96' title='bbox 156 2230 294 2281; x_wconf 86' lang='lat' dir='ltr'>coenam</span> <span class='ocrx_word' id='word_1_97' title='bbox 308 2204 455 2277; x_wconf 90' lang='lat' dir='ltr'>Domini</span> <span class='ocrx_word' id='word_1_98' title='bbox 473 2204 727 2300; x_wconf 82' lang='lat' dir='ltr'>flagitantibus,</span> <span class='ocrx_word' id='word_1_99' title='bbox 745 2207 866 2300; x_wconf 82' lang='lat' dir='ltr'>negari</span> <span class='ocrx_word' id='word_1_100' title='bbox 884 2204 1060 2276; x_wconf 89' lang='lat' dir='ltr'>uolumus.</span> <span class='ocrx_word' id='word_1_101' title='bbox 1105 2203 1205 2275; x_wconf 88' lang='lat' dir='ltr'>Prin·</span> 
     </span>
     <span class='ocr_line' id='line_1_16' title="bbox 157 2318 1205 2418; baseline -0.003 -23"><span class='ocrx_word' id='word_1_102' title='bbox 157 2323 294 2418; x_wconf 88' lang='lat' dir='ltr'>cipibus</span> <span class='ocrx_word' id='word_1_103' title='bbox 312 2322 420 2394; x_wconf 86' lang='lat' dir='ltr'>etium</span> <span class='ocrx_word' id='word_1_104' title='bbox 439 2332 476 2392; x_wconf 91' lang='lat' dir='ltr'>et</span> <span class='ocrx_word' id='word_1_105' title='bbox 493 2321 675 2392; x_wconf 84' lang='lat' dir='ltr'>honoratis</span> <span class='ocrx_word' id='word_1_106' title='bbox 700 2321 867 2415; x_wconf 89' lang='lat' dir='ltr'>personis,</span> <span class='ocrx_word' id='word_1_107' title='bbox 885 2343 1035 2413; x_wconf 85' lang='lat' dir='ltr'>quorum</span> <span class='ocrx_word' id='word_1_108' title='bbox 1058 2318 1205 2392; x_wconf 87' lang='lat' dir='ltr'>affluens</span> 
     </span>
     <span class='ocr_line' id='line_1_17' title="bbox 158 2435 1206 2532; baseline -0.005 -20"><span class='ocrx_word' id='word_1_109' title='bbox 158 2435 233 2512; x_wconf 73' lang='lat' dir='ltr'>est2</span> <span class='ocrx_word' id='word_1_110' title='bbox 255 2440 291 2509; x_wconf 96' lang='lat' dir='ltr'>in</span> <span class='ocrx_word' id='word_1_111' title='bbox 315 2438 450 2509; x_wconf 85' lang='lat' dir='ltr'>aedibus</span> <span class='ocrx_word' id='word_1_112' title='bbox 473 2439 672 2530; x_wconf 85' lang='lat' dir='ltr'>etcopiose</span> <span class='ocrx_word' id='word_1_113' title='bbox 689 2437 894 2522; x_wconf 78' lang='lat' dir='ltr'>multitudo,</span> <span class='ocrx_word' id='word_1_114' title='bbox 912 2438 1110 2532; x_wconf 89' lang='lat' dir='ltr'>quibusque</span> <span class='ocrx_word' id='word_1_115' title='bbox 1135 2461 1206 2508; x_wconf 92' lang='lat' dir='ltr'>non</span> 
     </span>
     <span class='ocr_line' id='line_1_18' title="bbox 159 2553 1208 2649; baseline -0.004 -21"><span class='ocrx_word' id='word_1_116' title='bbox 159 2556 245 2628; x_wconf 82' lang='lat' dir='ltr'>licet</span> <span class='ocrx_word' id='word_1_117' title='bbox 269 2557 353 2649; x_wconf 90' lang='lat' dir='ltr'>ipsis</span> <span class='ocrx_word' id='word_1_118' title='bbox 378 2557 611 2647; x_wconf 87' lang='lat' dir='ltr'>occupatione</span> <span class='ocrx_word' id='word_1_119' title='bbox 632 2554 774 2647; x_wconf 88' lang='lat' dir='ltr'>publice</span> <span class='ocrx_word' id='word_1_120' title='bbox 790 2553 976 2626; x_wconf 82' lang='lat' dir='ltr'>districtis³</span> <span class='ocrx_word' id='word_1_121' title='bbox 995 2556 1031 2625; x_wconf 93' lang='lat' dir='ltr'>in</span> <span class='ocrx_word' id='word_1_122' title='bbox 1049 2577 1208 2625; x_wconf 88' lang='lat' dir='ltr'>commu-</span> 
     </span>
     <span class='ocr_line' id='line_1_19' title="bbox 159 2670 1209 2765; baseline -0.003 -21"><span class='ocrx_word' id='word_1_123' title='bbox 159 2673 262 2744; x_wconf 92' lang='lat' dir='ltr'>nibus</span> <span class='ocrx_word' id='word_1_124' title='bbox 283 2670 440 2743; x_wconf 86' lang='lat' dir='ltr'>ecclesiis</span> <span class='ocrx_word' id='word_1_125' title='bbox 464 2673 605 2756; x_wconf 84' lang='lat' dir='ltr'>versari,</span> <span class='ocrx_word' id='word_1_126' title='bbox 622 2695 759 2744; x_wconf 88' lang='lat' dir='ltr'>coenam</span> <span class='ocrx_word' id='word_1_127' title='bbox 782 2674 993 2744; x_wconf 81' lang='lat' dir='ltr'>dominicam</span> <span class='ocrx_word' id='word_1_128' title='bbox 1012 2673 1108 2743; x_wconf 91' lang='lat' dir='ltr'>domi</span> <span class='ocrx_word' id='word_1_129' title='bbox 1130 2694 1209 2765; x_wconf 92' lang='lat' dir='ltr'>per·</span> 
     </span>
     <span class='ocr_line' id='line_1_20' title="bbox 159 2787 1208 2882; baseline -0.001 -21"><span class='ocrx_word' id='word_1_130' title='bbox 159 2791 277 2882; x_wconf 86' lang='lat' dir='ltr'>cipere</span> <span class='ocrx_word' id='word_1_131' title='bbox 295 2787 427 2870; x_wconf 77' lang='lat' dir='ltr'>licebit,</span> <span class='ocrx_word' id='word_1_132' title='bbox 445 2798 483 2859; x_wconf 82' lang='lat' dir='ltr'>et</span> <span class='ocrx_word' id='word_1_133' title='bbox 500 2811 644 2860; x_wconf 91' lang='lat' dir='ltr'>omnem</span> <span class='ocrx_word' id='word_1_134' title='bbox 666 2790 713 2860; x_wconf 93' lang='lat' dir='ltr'>ibi</span> <span class='ocrx_word' id='word_1_135' title='bbox 737 2789 907 2881; x_wconf 86' lang='lat' dir='ltr'>reliquam</span> <span class='ocrx_word' id='word_1_136' title='bbox 935 2812 1112 2861; x_wconf 87' lang='lat' dir='ltr'>sacrorum</span> <span class='ocrx_word' id='word_1_137' title='bbox 1133 2789 1208 2860; x_wconf 88' lang='lat' dir='ltr'>offi-</span> 
     </span>
     <span class='ocr_line' id='line_1_21' title="bbox 160 2907 1207 3000; baseline 0 -24"><span class='ocrx_word' id='word_1_138' title='bbox 160 2907 296 2977; x_wconf 88' lang='lat' dir='ltr'>ciomm</span> <span class='ocrx_word' id='word_1_139' title='bbox 314 2907 487 2977; x_wconf 88' lang='lat' dir='ltr'>rationem</span> <span class='ocrx_word' id='word_1_140' title='bbox 501 2929 582 2977; x_wconf 91' lang='lat' dir='ltr'>cum</span> <span class='ocrx_word' id='word_1_141' title='bbox 598 2907 792 2978; x_wconf 83' lang='lat' dir='ltr'>domestico</span> <span class='ocrx_word' id='word_1_142' title='bbox 804 2907 966 2978; x_wconf 86' lang='lat' dir='ltr'>ministro</span> <span class='ocrx_word' id='word_1_143' title='bbox 983 2915 1207 3000; x_wconf 76' lang='lat' dir='ltr'>pertractare.</span> 
     </span>
    </p>
   </div>
   <div class='ocr_carea' id='block_1_5' title="bbox 161 3022 1209 3232">
    <p class='ocr_par' dir='ltr' id='par_1_5' title="bbox 161 3022 1209 3232">
     <span class='ocr_line' id='line_1_22' title="bbox 161 3022 1209 3117; baseline 0 -24"><span class='ocrx_word' id='word_1_144' title='bbox 161 3022 308 3093; x_wconf 83' lang='lat' dir='ltr'>Proviso</span> <span class='ocrx_word' id='word_1_145' title='bbox 341 3023 438 3115; x_wconf 89' lang='lat' dir='ltr'>qnod</span> <span class='ocrx_word' id='word_1_146' title='bbox 471 3022 540 3094; x_wconf 94' lang='lat' dir='ltr'>hoc</span> <span class='ocrx_word' id='word_1_147' title='bbox 575 3022 798 3117; x_wconf 84' lang='lat' dir='ltr'>privilegium</span> <span class='ocrx_word' id='word_1_148' title='bbox 841 3022 976 3094; x_wconf 87' lang='lat' dir='ltr'>nuliam</span> <span class='ocrx_word' id='word_1_149' title='bbox 1010 3023 1209 3094; x_wconf 88' lang='lat' dir='ltr'>communis</span> 
     </span>
     <span class='ocr_line' id='line_1_23' title="bbox 162 3137 907 3232; baseline -0.001 -23"><span class='ocrx_word' id='word_1_150' title='bbox 162 3137 330 3210; x_wconf 82' lang='lat' dir='ltr'>Ecclesiae</span> <span class='ocrx_word' id='word_1_151' title='bbox 348 3140 497 3231; x_wconf 81' lang='lat' dir='ltr'>pastoris</span> <span class='ocrx_word' id='word_1_152' title='bbox 514 3137 708 3210; x_wconf 85' lang='lat' dir='ltr'>utilitatem</span> <span class='ocrx_word' id='word_1_153' title='bbox 726 3140 907 3232; x_wconf 82' lang='lat' dir='ltr'>impediat.</span> 
     </span>
    </p>
   </div>
   <div class='ocr_carea' id='block_1_6' title="bbox 162 3348 1215 4270">
    <p class='ocr_par' dir='ltr' id='par_1_6' title="bbox 191 3348 1182 3434">
     <span class='ocr_line' id='line_1_24' title="bbox 191 3348 1182 3434; baseline 0.001 -20"><span class='ocrx_word' id='word_1_154' title='bbox 191 3348 270 3434; x_wconf 85' lang='lat' dir='ltr'>Oap.</span> <span class='ocrx_word' id='word_1_155' title='bbox 286 3351 337 3414; x_wconf 88' lang='lat'>16.</span> <span class='ocrx_word' id='word_1_156' title='bbox 362 3350 439 3430; x_wconf 76' lang='lat' dir='ltr'>Quae</span> <span class='ocrx_word' id='word_1_157' title='bbox 452 3351 647 3416; x_wconf 70' lang='lat' dir='ltr'>commonitor</span> <span class='ocrx_word' id='word_1_158' title='bbox 661 3350 695 3415; x_wconf 80' lang='lat' dir='ltr'>io</span> <span class='ocrx_word' id='word_1_159' title='bbox 709 3350 842 3416; x_wconf 66' lang='lat' dir='ltr'>menibus</span> <span class='ocrx_word' id='word_1_160' title='bbox 855 3349 982 3416; x_wconf 74' lang='lat' dir='ltr'>ecolers&#39;b</span> <span class='ocrx_word' id='word_1_161' title='bbox 996 3349 1182 3416; x_wconf 53' lang='lat' dir='ltr'>&amp;mando</span> 
     </span>
    </p>

    <p class='ocr_par' dir='ltr' id='par_1_7' title="bbox 648 3463 726 3517">
     <span class='ocr_line' id='line_1_25' title="bbox 648 3463 726 3517; baseline 0 0"><span class='ocrx_word' id='word_1_162' title='bbox 648 3463 726 3517; x_wconf 77' lang='lat' dir='ltr'>runt.</span> 
     </span>
    </p>

    <p class='ocr_par' dir='ltr' id='par_1_8' title="bbox 162 3588 1215 4270">
     <span class='ocr_line' id='line_1_26' title="bbox 213 3588 1214 3687; baseline 0.004 -29"><span class='ocrx_word' id='word_1_163' title='bbox 213 3588 376 3683; x_wconf 80' lang='lat' dir='ltr'>Diligens</span> <span class='ocrx_word' id='word_1_164' title='bbox 393 3599 514 3661; x_wconf 87' lang='lat' dir='ltr'>autem</span> <span class='ocrx_word' id='word_1_165' title='bbox 532 3591 693 3683; x_wconf 88' lang='lat' dir='ltr'>inprimis</span> <span class='ocrx_word' id='word_1_166' title='bbox 709 3593 829 3662; x_wconf 82' lang='lat' dir='ltr'>cautio</span> <span class='ocrx_word' id='word_1_167' title='bbox 845 3615 985 3687; x_wconf 85' lang='lat' dir='ltr'>semper</span> <span class='ocrx_word' id='word_1_168' title='bbox 1001 3593 1214 3664; x_wconf 84' lang='lat' dir='ltr'>adhibeatur</span> 
     </span>
     <span class='ocr_line' id='line_1_27' title="bbox 162 3704 1212 3803; baseline 0.003 -26"><span class='ocrx_word' id='word_1_169' title='bbox 162 3709 197 3777; x_wconf 94' lang='lat' dir='ltr'>in</span> <span class='ocrx_word' id='word_1_170' title='bbox 223 3704 452 3777; x_wconf 74' lang='lat' dir='ltr'>ecclesiarum</span> <span class='ocrx_word' id='word_1_171' title='bbox 477 3708 573 3778; x_wconf 92' lang='lat' dir='ltr'>omni</span> <span class='ocrx_word' id='word_1_172' title='bbox 597 3731 736 3803; x_wconf 82' lang='lat' dir='ltr'>genere,</span> <span class='ocrx_word' id='word_1_173' title='bbox 755 3718 832 3780; x_wconf 89' lang='lat' dir='ltr'>tum</span> <span class='ocrx_word' id='word_1_174' title='bbox 849 3710 958 3781; x_wconf 80' lang='lat' dir='ltr'>etiam</span> <span class='ocrx_word' id='word_1_175' title='bbox 982 3710 1018 3780; x_wconf 90' lang='lat' dir='ltr'>in</span> <span class='ocrx_word' id='word_1_176' title='bbox 1040 3709 1212 3782; x_wconf 91' lang='lat' dir='ltr'>nobilium</span> 
     </span>
     <span class='ocr_line' id='line_1_28' title="bbox 162 3822 1214 3919; baseline 0.003 -26"><span class='ocrx_word' id='word_1_177' title='bbox 162 3823 346 3895; x_wconf 89' lang='lat' dir='ltr'>bominum</span> <span class='ocrx_word' id='word_1_178' title='bbox 364 3822 514 3907; x_wconf 79' lang='lat' dir='ltr'>familiis,</span> <span class='ocrx_word' id='word_1_179' title='bbox 532 3824 684 3918; x_wconf 89' lang='lat' dir='ltr'>denique</span> <span class='ocrx_word' id='word_1_180' title='bbox 703 3824 789 3897; x_wconf 90' lang='lat' dir='ltr'>locis</span> <span class='ocrx_word' id='word_1_181' title='bbox 806 3823 861 3896; x_wconf 88' lang='lat' dir='ltr'>in⁴</span> <span class='ocrx_word' id='word_1_182' title='bbox 888 3827 1058 3898; x_wconf 88' lang='lat' dir='ltr'>universis</span> <span class='ocrx_word' id='word_1_183' title='bbox 1082 3829 1116 3897; x_wconf 94' lang='lat' dir='ltr'>in</span> <span class='ocrx_word' id='word_1_184' title='bbox 1136 3827 1214 3919; x_wconf 93' lang='lat' dir='ltr'>qui·</span> 
     </span>
     <span class='ocr_line' id='line_1_29' title="bbox 164 3940 1215 4037; baseline 0.004 -27"><span class='ocrx_word' id='word_1_185' title='bbox 164 3940 231 4013; x_wconf 91' lang='lat' dir='ltr'>bus</span> <span class='ocrx_word' id='word_1_186' title='bbox 243 3962 343 4012; x_wconf 83' lang='lat' dir='ltr'>saera</span> <span class='ocrx_word' id='word_1_187' title='bbox 359 3948 576 4035; x_wconf 80' lang='lat' dir='ltr'>peraguntur</span> <span class='ocrx_word' id='word_1_188' title='bbox 590 3941 714 4025; x_wconf 88' lang='lat' dir='ltr'>officia,</span> <span class='ocrx_word' id='word_1_189' title='bbox 727 3966 772 4014; x_wconf 91' lang='lat' dir='ltr'>ne</span> <span class='ocrx_word' id='word_1_190' title='bbox 785 3943 976 4036; x_wconf 89' lang='lat' dir='ltr'>quicquam</span> <span class='ocrx_word' id='word_1_191' title='bbox 989 3953 1112 4015; x_wconf 85' lang='lat' dir='ltr'>eontra</span> <span class='ocrx_word' id='word_1_192' title='bbox 1126 3967 1215 4037; x_wconf 89' lang='lat' dir='ltr'>prae·</span> 
     </span>
     <span class='ocr_line' id='line_1_30' title="bbox 163 4057 1215 4151; baseline 0.002 -23"><span class='ocrx_word' id='word_1_193' title='bbox 163 4059 294 4151; x_wconf 85' lang='lat' dir='ltr'>scripta</span> <span class='ocrx_word' id='word_1_194' title='bbox 311 4057 488 4150; x_wconf 77' lang='lat' dir='ltr'>procedat,</span> <span class='ocrx_word' id='word_1_195' title='bbox 508 4070 546 4129; x_wconf 77' lang='lat' dir='ltr'>et</span> <span class='ocrx_word' id='word_1_196' title='bbox 564 4059 732 4132; x_wconf 86' lang='lat' dir='ltr'>formulas</span> <span class='ocrx_word' id='word_1_197' title='bbox 757 4059 851 4130; x_wconf 91' lang='lat' dir='ltr'>illius</span> <span class='ocrx_word' id='word_1_198' title='bbox 877 4060 956 4131; x_wconf 91' lang='lat' dir='ltr'>libri</span> <span class='ocrx_word' id='word_1_199' title='bbox 977 4071 1097 4133; x_wconf 83' lang='lat' dir='ltr'>nostra</span> <span class='ocrx_word' id='word_1_200' title='bbox 1119 4083 1215 4133; x_wconf 87' lang='lat' dir='ltr'>oom-</span> 
     </span>
     <span class='ocr_line' id='line_1_31' title="bbox 163 4171 1214 4270; baseline 0.004 -26"><span class='ocrx_word' id='word_1_201' title='bbox 163 4174 262 4245; x_wconf 90' lang='lat' dir='ltr'>muni</span> <span class='ocrx_word' id='word_1_202' title='bbox 295 4171 415 4267; x_wconf 80' lang='lat' dir='ltr'>lingua</span> <span class='ocrx_word' id='word_1_203' title='bbox 445 4176 576 4268; x_wconf 83' lang='lat' dir='ltr'>scripti,</span> <span class='ocrx_word' id='word_1_204' title='bbox 603 4199 708 4269; x_wconf 91' lang='lat' dir='ltr'>quem</span> <span class='ocrx_word' id='word_1_205' title='bbox 740 4179 920 4270; x_wconf 89' lang='lat' dir='ltr'>proprium</span> <span class='ocrx_word' id='word_1_206' title='bbox 950 4187 987 4248; x_wconf 83' lang='lat' dir='ltr'>et</span> <span class='ocrx_word' id='word_1_207' title='bbox 1017 4179 1214 4270; x_wconf 86' lang='lat' dir='ltr'>perfectum</span> 
     </span>
    </p>
   </div>
   <div class='ocr_carea' id='block_1_7' title="bbox 246 4319 1132 4387">
    <p class='ocr_par' dir='ltr' id='par_1_9' title="bbox 246 4319 1132 4387">
     <span class='ocr_line' id='line_1_32' title="bbox 246 4319 1132 4387; baseline 0.008 -7"><span class='ocrx_word' id='word_1_208' title='bbox 246 4319 338 4381; x_wconf 86' lang='lat' dir='ltr'>¹Dei.</span> <span class='ocrx_word' id='word_1_209' title='bbox 461 4319 598 4385; x_wconf 76' lang='lat' dir='ltr'>²estcm.</span> <span class='ocrx_word' id='word_1_210' title='bbox 720 4326 898 4387; x_wconf 82' lang='lat' dir='ltr'>³distractia.</span> <span class='ocrx_word' id='word_1_211' title='bbox 1012 4329 1132 4387; x_wconf 79' lang='lat' dir='ltr'>⁴inmo.</span> 
     </span>
    </p>
   </div>
   <div class='ocr_carea' id='block_1_8' title="bbox 0 0 1375 4800">
    <p class='ocr_par' dir='ltr' id='par_1_10' title="bbox 0 0 1375 4800">
     <span class='ocr_line' id='line_1_33' title="bbox 0 0 1375 4800; baseline 0 0"><span class='ocrx_word' id='word_1_212' title='bbox 0 0 1375 4800; x_wconf 95' lang='lat' dir='ltr'> </span> 
     </span>
    </p>
   </div>
  </div>
 </body>
</html>
