2692 4800
368 329 420 382 D!
435 329 591 383 murone
608 328 751 382 coms
769 327 948 380 HERESFE·
1151 313 1199 377 25

367 588 446 676 Oop.
457 609 488 670 4.
511 590 561 654 De
575 589 802 654 assumebas
815 589 974 654 tormini.

194 712 267 797 Qui
291 735 382 784 vero
410 736 478 784 neo
504 714 783 785 admonitionem
809 735 875 784 nee
902 713 1099 783 doctrinam
1128 711 1202 783 ulla

149 828 284 899 ratione
296 829 508 913 admittunt,
522 826 633 900 sedin
647 829 770 899 haeresi
780 851 920 922 prorsus
933 823 1201 909 indumerunt¹,

150 945 302 1036 primum
327 944 485 1017 haeretiei
505 945 782 1038 pronuntientur
798 967 819 1014 a
837 944 974 1036 judice,
1000 943 1128 1013 deinde
1151 941 1202 1013 le·

150 1061 276 1154 gitima
291 1061 470 1132 feriantur
486 1061 864 1133 excommunicationis
882 1060 1064 1153 supplicio.
1112 1059 1201 1144 Quae

151 1178 332 1248 sententia
348 1198 429 1248 enm
448 1177 522 1249 lota
541 1177 659 1260 fuerit,
677 1178 705 1248 si
729 1176 822 1248 infra
844 1179 998 1269 spatium
1021 1178 1200 1249 sexdecim

151 1292 288 1363 dierum
306 1291 353 1363 ab
370 1291 493 1364 lroeresi
510 1295 728 1376 recesserint,
739 1295 894 1386 primum
903 1293 1096 1364 exhibeant
1113 1293 1202 1385 pub-

151 1410 216 1481 lioe
226 1409 421 1480 manifesta
432 1407 823 1502 poenitentiaeindioia².
848 1409 991 1479 Deinde
1007 1407 1201 1479 solenniter

144 1527 270 1617 jurent
294 1525 333 1595 in
356 1524 419 1595 illa
440 1547 479 1596 se
501 1549 683 1618 nunquam
706 1525 830 1597 haeresi
852 1548 972 1596 rursus
994 1533 1201 1596 versaturos.

149 1641 272 1712 Tertio
295 1643 473 1712 contraria
495 1642 656 1714 doctrina
678 1642 820 1737 publiee
844 1643 1071 1724 satisfaciant,
1088 1665 1129 1711 ao
1146 1640 1201 1711 his

148 1757 319 1828 omnibns
335 1756 493 1851 impletis
506 1757 756 1843 absolvantur3
774 1759 837 1831 sed
855 1757 924 1828 illis
942 1759 1031 1828 seria
1048 1758 1145 1850 prius
1161 1765 1200 1827 et

146 1873 344 1944 vehemens
361 1873 573 1945 adhibeatur
585 1874 798 1958 exhortatio,
809 1884 851 1945 nt
864 1882 944 1968 post
956 1873 1046 1944 illud
1061 1882 1202 1966 tempus

146 2013 233 2061 oum
257 2013 280 2060 a
300 1991 464 2084 praesenti
485 2014 613 2076 errore,
631 2000 710 2062 tum
734 1992 844 2062 etiam
869 1990 915 2062 ab
937 1989 1102 2060 omnibus
1124 1989 1201 2060 eliis

143 2104 346 2178 haeresibus
373 2127 411 2178 se
434 2106 637 2203 longissime
667 2107 882 2202 disjungant.
935 2105 1027 2177 Cum
1045 2127 1128 2176 vero
1151 2104 1201 2177 sio

146 2224 296 2316 penitus
313 2222 483 2294 insederit
501 2246 608 2307 error,
625 2232 663 2294 et
681 2233 755 2294 tam
777 2223 850 2294 alte
867 2221 1001 2294 radices
1018 2223 1143 2316 egerit,
1160 2230 1201 2293 ut

148 2361 197 2409 ne
215 2337 395 2410 sententia
405 2337 549 2432 quidem
566 2337 942 2410 excommunicationis
959 2337 1003 2408 ad
1014 2338 1201 2410 veritatem

149 2476 235 2524 reus
250 2451 387 2525 inflecti
404 2455 526 2547 possit,
539 2463 627 2539 tum,
638 2455 855 2548 consumptis
873 2453 1037 2526 omnibus
1054 2453 1131 2524 aliis
1148 2476 1202 2524 re-

150 2570 291 2653 mediis,
304 2571 348 2642 ad
362 2579 562 2642 extremum
580 2572 626 2643 ad
636 2571 757 2643 civiles
774 2570 1000 2667 magistratus
1016 2569 1203 2665 ablegetur

151 2686 366 2778 puniendus.
498 2742 501 2746 .

339 2955 417 3041 Gap.
432 2974 464 3041 5.
497 2959 547 3022 Do
561 2957 611 3023 lis
626 2958 681 3045 qui
694 2958 840 3043 abjurant
853 2957 1005 3023 heresim.

195 3098 269 3183 Qui
287 3119 370 3167 vero
380 3098 586 3189 juramento
603 3123 641 3171 se
658 3100 869 3195 obligaverit
885 3101 928 3170 ad
947 3099 1201 3192 repudiandam

153 3215 326 3296 haesita,
344 3214 499 3308 primum
525 3217 682 3308 profiteri
708 3218 816 3288 debet
840 3240 879 3289 se
907 3217 953 3287 ab
978 3216 1045 3286 hae
1075 3216 1201 3288 haeresi

154 3332 345 3425 seperatim
373 3329 570 3416 abhorrere,
588 3331 634 3405 de
661 3356 733 3426 qua
758 3354 911 3428 praesens
940 3333 1105 3404 tract-atio
1134 3335 1201 3417 sit;

154 3447 285 3518 deinde
309 3450 522 3519 eontrarium
546 3451 748 3542 opinionem
773 3450 914 3544 publice
940 3449 1141 3536 affirmabit,
1164 3458 1202 3520 et

152 3571 277 3656 aperte
304 3561 554 3635 testificabitur
577 3588 616 3637 se
641 3576 718 3638 tota
743 3589 786 3638 ea
810 3568 846 3637 in
872 3590 911 3638 re
935 3566 1003 3637 hoe
1029 3566 1139 3658 sequi,
1163 3572 1202 3637 et

154 3680 254 3750 firme
277 3687 410 3763 tenere,
431 3679 526 3772 quod
551 3691 674 3753 saneta
700 3690 738 3753 et
762 3683 925 3754 universa
949 3679 1018 3754 Dei
1043 3681 1202 3753 anlesia

154 3815 335 3866 sacrarum
348 3792 611 3887 Scripturamm
623 3797 841 3870 authoritate
854 3799 1025 3891 seqnitur,
1039 3806 1201 3880 attonat,

154 3934 221 3982 neo
237 3912 275 3981 in
292 3909 464 3995 haeresim,
481 3935 503 3982 a
520 3936 590 4005 qun
605 3914 683 4006 jam
705 3915 892 3998 destiterit,
909 3938 1065 4008 unquam
1084 3936 1203 3986 rursus

155 4026 227 4099 ullo
244 4028 352 4097 modo
369 4026 599 4121 relapsurum.

278 4282 288 4329 ¹
304 4287 516 4348 induruerunt.
943 4284 1081 4366 'judicia
