2692 4800
499 319 650 372 ouuruu
675 320 849 373 Junrcuu.
1129 310 1202 376 203

152 479 279 542 nostrae
296 494 367 543 non
385 479 503 564 potest
521 472 760 568 subdelegato,
777 474 975 565 adjiciendo
992 474 1083 547 hanc
1106 477 1202 548 clau-

152 586 275 668 sulam,
292 586 532 679 appellatione
556 598 701 672 remota,
719 588 804 660 licet
826 591 901 682 ipse
922 613 1002 661 oum
1027 614 1069 661 ea
1093 592 1202 663 fuerit

153 701 346 795 delegatus.

201 817 302 889 Solvi
333 819 541 890 mandatum
568 842 641 890 nou
670 820 863 904 dubitatur,
885 823 913 892 si
940 823 978 904 is,
996 820 1076 915 qui¹
1101 846 1202 894 man·

154 935 289 1005 daverit
308 935 604 1027 jurisdictionem,
628 938 828 1020 decesserit,
854 947 1046 1030 antequam
1072 962 1128 1010 res
1155 940 1200 1011 ab

154 1074 205 1137 eo,
235 1054 294 1122 cui
325 1052 493 1123 mandata
519 1061 584 1134 est,
613 1054 687 1146 geri
719 1056 875 1146 coeperit.
938 1053 1064 1126 Potest
1084 1057 1199 1148 judex

152 1168 347 1239 ordinarius
369 1191 467 1239 suam
483 1169 767 1260 jurisdictionem
785 1171 963 1254 mandare,
981 1180 1019 1241 et
1040 1182 1102 1241 aut
1125 1195 1201 1243 om·

151 1306 229 1354 nem
256 1285 416 1366 mandat,
437 1294 500 1355 aut
526 1286 679 1378 speciem
705 1309 824 1357 unam.
877 1285 973 1356 Nam
1006 1296 1044 1357 et
1073 1289 1113 1374 ia,
1142 1290 1199 1359 cui

151 1399 317 1469 mandata
332 1400 532 1490 jurisdictio
554 1407 617 1481 est,
636 1399 796 1493 fungitur
818 1402 894 1472 vice
917 1401 1002 1492 ejus,
1020 1404 1080 1494 qui
1102 1405 1249 1477 man-97

151 1517 256 1597 davit,
292 1538 365 1585 non
406 1538 479 1586 sua.
544 1515 740 1611 Delegatus
778 1518 895 1611 regius
929 1519 1024 1588 vices
1064 1529 1200 1592 nostras

150 1634 263 1726 gerit3
290 1632 386 1702 unde
407 1634 443 1702 in
465 1655 569 1704 causa
592 1632 653 1703 illa
676 1635 832 1727 superior
855 1643 908 1705 est
931 1642 970 1706 et
986 1637 1098 1728 major
1120 1636 1199 1720 illis,

150 1770 299 1838 quorum
318 1770 460 1819 causam
476 1751 631 1840 suscepit
649 1750 917 1820 terminandam.
970 1750 1058 1822 Ideo
1075 1755 1103 1823 si
1122 1756 1200 1845 quis

150 1862 366 1958 litigantium
387 1865 529 1936 rebellis
554 1862 637 1935 ant²
654 1873 846 1935 contumax
869 1867 986 1950 fuerit,
1005 1869 1199 1940 secundum

150 1980 360 2073 qualitatem
386 1981 469 2050 facti
496 1982 628 2073 poterit
654 1982 814 2072 ajudice
841 1982 1005 2077 delegato
1031 2008 1094 2077 per
1119 2008 1200 2055 cen-

149 2119 247 2166 suras
269 2095 523 2167 ecclesiasticas
549 2097 711 2167 coerceri.
764 2096 960 2191 Delegatus
986 2109 1198 2192 potestatem

150 2213 259 2283 habet
283 2235 355 2284 non
378 2212 492 2282 solum
513 2212 550 2281 iu
567 2221 686 2303 partes
709 2212 930 2305 principales,
948 2215 1009 2285 sed
1031 2217 1138 2286 etiam
1162 2217 1200 2286 in

150 2329 249 2411 alios,
266 2330 327 2421 qui
349 2351 448 2398 suam
466 2327 750 2420 jurisdictionem
768 2328 973 2421 impediant,
991 2354 1032 2400 ac
1053 2355 1113 2402 eos
1131 2332 1200 2403 dis-

151 2447 315 2516 trictione
341 2444 578 2516 ecclesiastica
605 2442 786 2514 coercere³
815 2448 956 2537 poterit.
1010 2446 1199 2543 Delegatio

151 2563 244 2633 facta
274 2562 452 2656 dignit-ati,
481 2584 552 2630 non
586 2584 751 2653 expresso
785 2563 928 2632 nomine
959 2586 1123 2656 personae,
1154 2567 1199 2636 ad

151 2700 386 2749 successorem
422 2679 561 2760 transit,
596 2677 661 2747 nisi
698 2679 844 2748 fortasse
882 2680 918 2748 in
952 2682 1200 2751 commissione

150 2795 211 2865 fiat
241 2795 376 2864 mentio
405 2801 577 2865 anteactae
604 2795 694 2874 vitae,
722 2795 898 2878 doctrinae,
925 2804 987 2866 aut
1017 2798 1198 2879 acuminis,

150 2920 186 2981 et
211 2909 390 2992 similium,
417 2933 493 3002 quae
518 2933 713 3002 personam,
734 2933 806 2980 non
833 2912 1053 3005 dignitatem,
1072 2913 1199 2983 descri-

149 3028 250 3098 bunt.
312 3026 376 3098 Sin
406 3050 490 3098 vero
519 3027 581 3096 fiat
611 3050 674 3119 per
699 3049 828 3097 nomen
861 3029 1052 3121 proprium,
1083 3039 1198 3099 morte

149 3144 305 3239 delegati
327 3144 475 3237 expirat.

199 3259 390 3353 Delegatio
411 3281 524 3329 causae
547 3257 616 3328 illis
633 3282 774 3350 quoque
796 3261 954 3352 personis
971 3262 1047 3331 lieri
1065 3270 1196 3354 potest,

148 3403 229 3471 quae
263 3378 408 3448 luerunt
441 3374 622 3446 inferiores
662 3376 821 3469 partibus
855 3375 1086 3470 litigantibus.
1157 3377 1196 3449 Si

148 3495 286 3566 duobus
303 3515 408 3563 causa
426 3492 672 3573 committitur,
691 3493 920 3563 etiamsinon
943 3492 1137 3575 inseritur4,
1155 3503 1197 3564 nt

147 3634 239 3682 unna
259 3613 335 3681 sine
352 3609 465 3680 altero
481 3609 650 3702 procedat
667 3610 704 3678 in
721 3631 773 3690 ea,
793 3610 1021 3681 nihilominus
1042 3634 1133 3682 unus
1150 3635 1196 3683 ex

146 3728 230 3820 ipsis
254 3727 328 3796 sive
348 3748 411 3796 auo
428 3725 613 3816 conjudici,
632 3726 705 3795 sive
723 3724 791 3807 alii,
810 3727 904 3796 vices
925 3750 1005 3798 suas
1031 3730 1195 3799 commit·

146 3853 223 3914 tere
240 3850 369 3936 potest.

197 3959 234 4030 Si
254 3981 359 4028 cansa
375 3955 487 4027 tribus
504 3958 750 4040 committitur,
769 3981 851 4028 cum
869 3958 1034 4042 clausula,
1053 3959 1147 4049 quod
1165 3961 1194 4029 si

146 4096 270 4145 omnes
296 4074 465 4143 interesse
495 4074 729 4165 nequiverint,
756 4076 828 4146 duo
858 4097 937 4146 eam
967 4075 1195 4146 nihilominus

145 4199 380 4282 exequantur,
394 4189 595 4281 priusquam
613 4189 658 4259 de
676 4190 887 4282 impotentia
904 4192 999 4261 tertii
1017 4199 1194 4283 appareat,

209 4330 281 4406 ¹qni
295 4349 349 4389 om.
441 4331 578 4388 ²rebellis
592 4340 631 4388 et.
723 4328 883 4387 δοοετοετί.
966 4328 1132 4387 ⁴iul'eritur.
1251 4372 1308 4512 A
