2692 4800
471 338 520 388 un
544 336 791 390 nummorum
814 317 880 389 &o
1144 323 1194 399 59

175 781 247 852 DE
273 778 638 852 ADMITPENDIS
663 777 737 850 AD
764 777 1160 886 ECCLESIASTICA

523 919 818 992 BENEFICIA.

607 1065 685 1151 (lup.
705 1085 733 1130 1.

196 1200 509 1285 Quemadmodum
549 1197 751 1291 reipublice
791 1204 904 1266 status
941 1196 1021 1280 ruit,
1057 1219 1139 1267 cum
1173 1220 1195 1268 a

145 1318 297 1411 stupidis
326 1324 364 1388 et
391 1316 573 1410 flagitiosis
599 1324 637 1386 et
661 1312 866 1385 ardentibus
891 1312 1085 1382 ambitione
1111 1313 1195 1385 viris

144 1441 378 1527 temperatur,
392 1434 441 1503 sic
454 1430 614 1502 Ecclesia
629 1431 699 1502 Dei
717 1430 845 1501 nostris
862 1431 959 1500 hisco
976 1431 1195 1524 temporibus

145 1550 352 1646 gradssime
374 1549 519 1631 laborat,
537 1549 703 1641 quoniam
728 1546 870 1617 illorum
887 1569 982 1617 curae
1002 1547 1195 1617 committi·

146 1678 217 1750 tur,
231 1667 295 1759 qui
312 1674 387 1737 tam
400 1665 608 1758 praeolarum
626 1665 670 1734 ad
684 1687 814 1734 munus
832 1663 1035 1734 obeundum
1050 1663 1194 1734 omnino

146 1799 232 1855 sont
257 1783 390 1876 inepti:
426 1805 496 1875 qua
520 1783 558 1852 in
583 1805 621 1851 re
645 1780 800 1852 multum
826 1789 864 1851 et
889 1781 994 1874 longe
1019 1779 1194 1874 longeque

146 1901 342 1994 plurimum
363 1898 408 1970 ab
425 1897 494 1969 illis
516 1898 612 1969 beuti
632 1897 734 1969 Pauli
753 1898 912 1969 formulis
937 1920 1113 1968 recessum
1130 1905 1193 1979 est,

147 2019 193 2089 de
230 2017 359 2110 quibus
395 2016 439 2086 ad
473 2015 593 2085 Titum
634 2025 671 2086 et
704 2015 931 2086 Timotheum
972 2014 1191 2106 prescripsit.

147 2134 375 2227 Quapropter
390 2132 474 2203 huic
491 2141 563 2202 tum
587 2132 715 2226 insigni
739 2142 937 2202 nostrarum
956 2129 1195 2202 Ecclesiemm

146 2250 241 2322 cludi
263 2256 444 2319 maturum
467 2249 609 2341 aliquod
627 2250 824 2320 remedium
847 2272 869 2318 a
892 2249 992 2319 nobis
1015 2247 1196 2318 invenien-

148 2368 235 2437 dum
253 2374 321 2437 est.

240 2519 318 2603 (lup.
332 2536 361 2582 2.
384 2516 556 2602 Dibpcntor
569 2516 605 2579 io
618 2515 774 2580 ministros
789 2515 1003 2601 inquirendum
1016 2523 1104 2581 osset

198 2639 337 2712 Omnes
354 2638 481 2731 quibus
498 2639 616 2730 eliqua
632 2640 769 2709 ratione
785 2639 1020 2709 sacerdotium
1039 2636 1196 2720 obvenit,

148 2755 420 2850 diligentissime
449 2757 522 2825 ritu
552 2764 590 2826 et
620 2757 821 2849 praescripto
847 2755 968 2848 legum
996 2763 1195 2825 nostrarum

149 2871 381 2965 explorentur
414 2880 452 2942 et
485 2881 751 2963 pemoscantur‚
780 2894 827 2942 ne
862 2880 998 2940 temero
1032 2870 1248 2961 culquam29

149 2989 335 3082 episcopus
359 3010 504 3058 menum
530 2987 700 3080 imponet,
724 2997 761 3058 et
786 2987 983 3057 alienorum
1009 2987 1197 3056 criminum

150 3106 325 3199 particeps
359 3105 425 3188 sit3
458 3126 525 3175 nec
554 3104 765 3175 admittetur
796 3103 891 3174 ullus
926 3103 970 3174 ad
1002 3101 1196 3173 Ecclesiam

149 3222 474 3304 administrandam,
491 3221 559 3292 niei
577 3222 673 3313 prius
690 3223 759 3291 rite
776 3221 884 3291 fuerit
901 3221 1133 3292 examinatus.

418 3458 496 3545 Gap.
511 3479 542 3544 3.
565 3459 775 3523 Potroucmm
789 3459 931 3544 ‹fficim

201 3583 387 3666 Praeterea,
416 3583 575 3675 petronis
601 3582 854 3653 beneficiorum
882 3581 1198 3652 ecclesiasticorum

151 3700 384 3793 praecipimus,
401 3709 443 3767 ut
464 3696 627 3768 omnibus
651 3697 795 3768 seclusis
820 3696 876 3766 rel
899 3697 1200 3768 necessitudinum

152 3816 207 3888 vel
241 3836 534 3909 quorumcunque
567 3825 793 3908 respectuum
828 3813 1023 3899 affectibus,
1058 3814 1199 3885 illorum

151 3933 323 4004 rationem
350 3930 504 4002 habeant
530 3933 591 4023 qui
617 3955 745 4002 munus
770 3931 838 4002 hoc
864 3953 1011 4013 sacrum,
1034 3932 1077 4001 ud
1105 3931 1199 4024 quod

152 4049 343 4120 adhibendi
368 4058 460 4130 sunt,
486 4050 620 4140 possint
646 4058 683 4118 et
710 4046 820 4118 velint
850 4048 1013 4118 omnibus
1042 4047 1200 4139 partibus

152 4166 310 4260 implere.
364 4163 446 4236 Nec
474 4166 569 4236 enim
601 4165 795 4235 sacerdotia
820 4163 938 4235 deletu
963 4171 1045 4234 sunt
1071 4162 1114 4232 ed
1141 4184 1202 4254 pa-

598 4321 605 4360 ¹
621 4346 685 4388 csse
698 4347 750 4387 om.
