2692 4800
178 272 249 337 184
460 287 508 338 nn
526 287 919 341 nxcouuuurcurrouu.

176 444 459 526 misericordiam,
484 441 633 515 ODeus
652 409 768 528 llater,
792 453 936 539 propter
959 443 1093 517 Filium
1120 456 1221 518 tuum

177 570 214 629 et
232 559 454 630 Servatorem
474 585 593 631 meum
611 562 635 632 J
637 584 736 633 esum
754 561 948 643 Christum,
967 564 1027 656 qui
1046 586 1110 657 pro
1127 586 1222 635 com·

176 676 342 748 munibus
371 679 529 748 omnium
557 680 711 771 peccatis
742 679 936 750 incredibili
967 679 1124 772 quodam
1159 678 1223 751 hu·

176 795 270 863 mani
296 794 434 886 generis
459 817 578 864 amore
603 794 647 863 ad
670 803 826 866 atrocem
851 803 889 865 et
914 795 1085 866 infamem
1111 797 1222 867 crucis

176 919 326 979 mortem
345 919 463 981 trusus
485 919 550 993 est,
568 912 735 982 miserere
756 913 836 993 mei,
854 913 924 984 mei
944 912 1089 1004 inquam
1106 912 1267 1005 abjecaa

174 1028 299 1096 tissimi
326 1035 364 1096 et
382 1027 630 1098 luctuosissimi
653 1038 690 1098 et
714 1029 998 1098 facinorosissimi
1025 1028 1223 1121 peccatoris

174 1141 351 1225 miserere,
364 1141 432 1212 tui¹
447 1167 516 1236 que
534 1145 679 1235 posthac
693 1154 831 1213 tautum
845 1143 952 1213 robur
965 1143 1052 1213 milri
1067 1142 1223 1237 Spiritus

174 1256 332 1336 infunde,
351 1268 452 1326 tuum
471 1267 512 1326 ut
533 1280 672 1350 semper
696 1282 825 1328 nomen
843 1268 1015 1352 perpetua
1031 1260 1221 1333 beneficio·

174 1397 252 1443 rum
277 1383 418 1443 tuorum
443 1375 612 1444 memoria
629 1374 753 1457 colam,
772 1385 810 1444 et
827 1375 1028 1447 clementias
1052 1385 1126 1446 tuoe
1146 1376 1221 1449 lau·

175 1489 268 1568 dem,
296 1492 476 1559 actionum
507 1500 545 1560 et
572 1489 765 1561 officiorum
797 1493 974 1563 constanti
1001 1493 1222 1586 integritate,

174 1606 338 1697 privatim
356 1615 393 1675 et
410 1606 562 1697 publice,
580 1605 778 1676 testificari²
795 1606 1013 1698 dilatamque
1031 1606 1197 1699 pos'siml’

172 1793 291 1866 llOum
312 1794 375 1858 lucc
396 1795 543 1871 recidam,
557 1804 669 1858 armac
689 1801 775 1870 aaut,
791 1802 845 1858 ασ3
867 1796 902 1858 iu
923 1794 1065 1859 οῐιῑονωη
1086 1795 1221 1883 aliquare

217 1895 311 1959 occa
326 1897 503 1974 translatus,
519 1919 554 1960 eu
567 1919 624 1982 quo
630 1896 732 1980 facilc
745 1897 845 1961 cidari
851 1898 949 1982 poscit
963 1905 992 1961 ct
1004 1898 1128 1976 audiri,
1143 1899 1223 1964 clam

215 1999 298 2062 dicul
312 2021 348 2063 co
362 2021 431 2084 quae
446 2009 612 2083 sequuntur
625 2007 655 2064 ot
667 2010 778 2084 oporto.

223 2147 243 2175 “
262 2137 400 2220 Fateor,
419 2137 453 2208 0
471 2140 535 2207 viri
554 2138 690 2221 fratres,
708 2138 820 2208 fateor
841 2160 898 2208 me
915 2138 1132 2231 gravissimis
1148 2160 1221 2209 aoe-

173 2251 304 2323 leribus
336 2256 427 2324 meis
455 2253 594 2324 Deum⁴
623 2276 743 2323 meum
777 2254 960 2346 imprimis,
995 2254 1127 2325 deinde
1160 2278 1222 2326 vos

174 2369 281 2438 etiam
312 2392 444 2451 omnes,
470 2368 722 2440 incredibiliter
749 2368 949 2452 offendisse,
975 2392 1107 2462 meque
1132 2373 1221 2443 adeo

174 2485 286 2554 fateor
305 2487 467 2555 omnibus
484 2486 598 2555 modis
614 2485 896 2578 indignissimum
914 2495 955 2556 nt
972 2489 1017 2557 ad
1035 2488 1218 2560 ecclesiam

174 2610 326 2670 vestram
345 2623 462 2670 rursus
485 2623 650 2679 assumar,
668 2624 709 2670 ac
732 2601 775 2671 ad
798 2602 957 2671 membra
979 2604 1217 2694 pretiosissimi

174 2717 326 2808 corporis
361 2716 492 2785 Christi
527 2738 763 2797 annumerer;
801 2719 966 2807 quoniam
1001 2720 1218 2789 sanctissima

174 2832 325 2903 coelestis
346 2834 416 2902 mel
435 2831 549 2902 Patris
570 2833 736 2902 mandata
754 2833 1025 2927 flagitiosissime
1048 2836 1218 2908 scelestis-

173 2952 330 3040 simeque
356 2949 486 3041 projeci
514 2959 551 3019 et
576 2948 791 3031 conculcavi,
808 2959 846 3018 et
869 2949 1000 3021 Christi
1024 2950 1218 3022 Servatoris

173 3067 243 3136 mci
268 3075 525 3135 sacrosanctum
550 3067 769 3159 sanguinem,
788 3090 857 3157 quo
881 3089 959 3136 sum
986 3090 1031 3136 ex
1060 3067 1218 3138 faucibus

173 3183 302 3252 inferni
326 3191 477 3274 ereptus,
496 3193 668 3273 quantum
687 3182 722 3250 in
741 3204 799 3251 mc
820 3182 898 3264 fuit,
916 3184 1062 3253 immani
1087 3182 1218 3278 flagitio

173 3300 364 3391 profanari,
393 3300 572 3390 vobisque,
603 3298 739 3380 fratres,
769 3299 938 3389 peccandi
970 3298 1155 3369 licentiam
1185 3309 1218 3369 et

174 3417 366 3507 impietatis
384 3413 588 3506 exemplum
606 3414 897 3483 subministravi.”

174 3580 200 3653 ll
224 3577 342 3641 Deinde
364 3598 451 3640 suurn
473 3575 588 3639 insecat
604 3575 788 3659 proprium⁵
808 3585 963 3661 peccatum
986 3577 1072 3659 cujum
1095 3599 1164 3642 rous
1183 3584 1220 3641 at

259 3682 380 3763 foeces,
396 3688 423 3741 ct
441 3701 473 3741 co
490 3679 627 3762 ceperito,
643 3679 689 3741 cic
705 3679 841 3743 instituto
859 3700 994 3743 emmone
1007 3687 1129 3764 porcat.

227 3819 246 3847 “
259 3808 301 3878 ln
319 3810 385 3878 hac
403 3809 511 3901 igitur
527 3830 608 3878 mea
625 3818 698 3877 tam
717 3810 899 3901 inquinata
917 3809 1056 3878 vivendi
1076 3810 1219 3885 ratione,

174 3925 260 3994 mihi
283 3927 357 4017 ipse
383 3947 461 3993 sum
484 3924 610 4017 gravis,
629 3933 666 3993 et
690 3924 853 3994 maleficii
880 3926 950 3993 mei
978 3923 1074 3994 labes
1100 3934 1155 3994 est
1180 3946 1220 3994 ea

175 4043 317 4133 quidem
353 4039 515 4109 omnibus
548 4040 662 4109 modis
697 4039 782 4108 mihi
818 4038 1047 4109 intolerabilis
1067 4063 1077 4124 ;
1117 4050 1221 4131 atquc

174 4159 263 4228 adeo
282 4181 343 4227 vos
367 4180 489 4226 omnes
511 4180 572 4248 por
590 4156 708 4225 Deum
735 4155 970 4225 immortalem
991 4156 1160 4237 obtestor,
1179 4177 1220 4224 ne

175 4297 255 4343 meo
273 4273 535 4365 corruptissimo
557 4275 741 4365 quisquam
760 4271 925 4363 exemplo
947 4271 1160 4342 maleficium
1178 4269 1219 4340 ad

221 4415 285 4471 ¹tu.
331 4408 516 4471 ²testificare.
563 4417 686 4471 ³acom.
729 4411 785 4470 ⁴ct
797 4413 898 4470 Deum.
950 4413 1184 4488 5propriummu·
