2692 4800
147 283 219 355 256
544 303 593 353 ua
617 302 796 366 unsarana
1181 306 1225 379 cr

145 461 293 551 spicere)
321 459 406 529 varii
439 456 628 549 aliquando
659 457 894 540 inveniantur,
921 457 959 527 in
981 458 1036 553 ¹rei
1066 466 1187 545 umen,

144 577 189 645 ‹le
218 597 289 666 qua
323 576 451 667 agitur,
482 573 681 644 substantia
714 572 940 657 conveniant,
973 572 1081 667 plena
1110 574 1188 647 {idea

145 692 214 761 illis
247 690 447 761 adhibenda
480 699 546 761 est.
605 688 735 780 Neque
769 689 863 759 enim
899 692 1018 761 omnis
1051 692 1188 763 varietas

145 806 332 899 reprobata
360 815 427 891 est,
457 807 518 876 sed
548 828 590 875 ea
619 812 773 888 tantum,
803 826 881 895 qnae
909 804 1187 878 contrarietatem

147 923 323 1014 quandam
359 930 396 991 et
433 919 819 1013 incompassibilitatem
857 921 895 988 in
928 942 969 991 se
1007 923 1184 1007 contineat,

148 1037 307 1130 nihilque
332 1046 438 1108 nocet
467 1036 629 1107 narrandi
661 1035 856 1118 diversitas,
884 1057 968 1105 cum
996 1036 1122 1109 eadem
1145 1038 1184 1109 ‹li-

148 1164 288 1225 cuntur.

200 1377 278 1462 Gap.
291 1378 343 1458 46.
376 1371 574 1458 Prcferondi
587 1380 660 1437 curu
672 1383 755 1439 unca
769 1375 826 1459 qui
838 1374 1008 1455 atomum,
1022 1376 1071 1443 ha
1082 1380 1133 1464 qui

570 1476 773 1541 condemnant.

198 1620 292 1690 Cum
322 1618 366 1689 ad
396 1616 650 1688 absolvendum
680 1616 799 1707 potius
828 1639 934 1708 quam
963 1618 1009 1689 ad
1035 1620 1174 1692 conden-

149 1737 305 1806 nandum
326 1734 544 1828 promptiora
566 1740 648 1803 sunt
658 1732 743 1823 jura
764 1741 892 1817 nostra,
911 1735 1085 1823 volumus,
1101 1737 1172 1830 qnod

148 1852 178 1921 si
199 1859 308 1922 testes
330 1848 438 1941 aliqui
460 1848 591 1919 faciant
607 1871 671 1940 pro
689 1849 782 1920 bona
797 1849 893 1921 fama
909 1874 973 1923 seu
997 1852 1174 1925 innocentia

149 1964 309 2058 alicujus,
339 1988 381 2035 ac
415 1985 533 2034 rursus
560 1962 619 2033 alii
648 1987 712 2056 pro
745 1964 840 2034 mala
870 1964 966 2037 fama
999 1990 1060 2038 sou
1092 1990 1173 2048 noxa

150 2082 244 2172 quod
273 2080 503 2173 praeferantur
535 2078 583 2159 hi,
610 2079 670 2169 qui
705 2103 768 2172 pro
802 2081 1007 2153 innocentia
1039 2083 1174 2165 fecerint,

150 2197 256 2266 modo
279 2195 364 2267 alias
386 2197 452 2288 ipsi
477 2203 586 2265 testes
609 2195 703 2265 inter
725 2217 763 2266 ae
785 2195 937 2288 aequales
959 2198 1099 2270 firerint.

430 2401 508 2486 Gap.
518 2417 571 2485 47.
594 2403 645 2466 De
658 2422 782 2466 numeru
796 2401 922 2467 tautum.

202 2549 413 2640 Quanquam
445 2550 654 2640 quibusdam
689 2548 827 2643 legibus
854 2548 1106 2642 amplissimus¹
1129 2574 1179 2620 nu-

151 2688 269 2735 merus
297 2666 440 2734 testium
472 2665 638 2735 definitus
668 2666 722 2746 sit,
751 2675 868 2735 tamen
899 2666 991 2736 hanc
1019 2667 1182 2738 licentiam

151 2783 195 2853 ad
230 2781 462 2851 sufficientem
500 2804 685 2851 numerum
720 2790 950 2866 coarctamus,
985 2792 1026 2853 ut
1058 2785 1184 2876 judices

151 2908 271 2969 tamen
297 2898 533 2978 moderentur,
554 2907 592 2967 et
614 2896 716 2966 eum²
738 2896 851 2967 solum
875 2921 1074 2984 numerum,
1091 2922 1185 2992 quem

150 3016 383 3085 necessarium
414 3035 489 3083 esse
523 3015 734 3105 putaverint,
766 3015 902 3084 evocari
933 3017 1123 3107 patiantur,
1149 3036 1187 3086 ne

149 3131 320 3200 effrenata
349 3138 526 3221 potestate
555 3130 600 3200 ad
626 3130 805 3200 vexandos
834 3131 994 3202 homines
1024 3131 1189 3224 superflua

150 3248 296 3317 testium
330 3244 524 3315 multitudo
558 3245 790 3337 protrahatur.
849 3246 904 3315 At
934 3247 995 3317 ubi
1032 3272 1190 3321 numerus

150 3364 295 3433 testium
313 3386 384 3431 non
403 3362 601 3453 requiritur,
620 3362 689 3431 duo
707 3369 816 3432 testes
834 3362 1043 3455 probabunt.

188 3569 265 3653 Cap.
275 3570 327 3650 48.
354 3567 459 3631 Judca
472 3565 706 3650 testibusjuhero
713 3578 812 3653 potest
825 3568 988 3642 silentium,
1004 3579 1033 3635 ct
1046 3580 1164 3638 mutare

350 3670 550 3734 articulorum
565 3671 701 3735 ordinem
715 3672 749 3734 iu
764 3671 997 3735 cacuminatione.

199 3817 336 3888 iudicis
371 3827 425 3888 est
459 3827 589 3888 cuncta
623 3820 752 3902 rimari,
783 3828 821 3888 et
857 3818 1062 3888 veritatem³
1097 3822 1197 3915 plena

149 3935 375 4026 inquisitione
401 3935 587 4004 discutere.
642 3935 728 4004 Ideo
756 3936 787 4004 ei
814 3936 1054 4026 permittimus
1080 3949 1125 4007 ut
1150 3940 1197 4009 in·

142 4047 289 4144 jungat⁴
322 4049 470 4119 testibus
492 4050 687 4141 juramenti
724 4048 903 4142 religione,
932 4073 976 4120 ne
1011 4052 1111 4124 dicta
1141 4078 1199 4126 sua

149 4166 368 4235 contestibus
410 4175 473 4235 aut
507 4166 585 4235 aliis
626 4166 806 4258 quibusvis
847 4166 1041 4258 propalent,
1078 4192 1124 4240 ac
1163 4181 1200 4242 nt

212 4301 424 4382 'amplissimis
518 4302 623 4361 ²cum.
707 4305 906 4362 ³varietatem.
1000 4309 1144 4384 tjungnt.
