2692 4800
509 324 558 375 ue
583 324 939 379 rnnsunnrromuue.
1173 306 1246 388 269

433 583 510 670 (lap.
525 603 575 649 12.
599 585 803 673 Pcoerumptrb
817 586 1016 651 continentia.

255 724 341 797 Non
366 725 588 819 praesumitur
614 726 896 795 incontinentia
922 724 1022 796 senili
1047 736 1161 809 aetate,
1188 728 1248 821 qui

203 846 240 915 in
264 844 457 937 juventute
486 841 685 925 continuit3
718 850 826 933 atque
856 842 892 912 id
923 842 1078 913 maxime
1107 845 1134 915 ei
1161 844 1251 914 divi-

203 982 329 1033 narum
346 958 526 1031 literamm
548 960 673 1030 studiis
697 957 880 1043 incumbit,
897 967 936 1030 et
952 982 997 1029 eo
1018 983 1148 1053 genere
1168 962 1253 1032 doc·

203 1077 309 1150 trinae
325 1076 483 1170 apprime
501 1074 608 1145 fuerit
624 1083 778 1145 ornatus.

453 1282 530 1368 (lup.
545 1302 557 1346 r
563 1302 594 1369 3.
617 1280 825 1368 Proeonmptio
838 1301 874 1345 oo
886 1278 1003 1346 lubitu

244 1420 339 1493 Talis
355 1421 503 1513 quisque
519 1420 740 1514 praesumitur
756 1418 792 1488 in
811 1417 905 1511 quali
922 1416 1046 1489 habitu
1065 1420 1247 1511 reperitur.

296 1626 375 1714 (inp.
391 1648 439 1710 14
467 1627 679 1691 Proeonmitnr
692 1626 839 1691 nerninem
854 1624 927 1691 collo
934 1626 1077 1713 perdoro¹
1094 1648 1161 1690 cuc.

255 1766 489 1838 Praeeumitur
509 1766 687 1838 neminem
710 1788 785 1838 esee
810 1766 870 1858 qui
894 1789 958 1838 sua
974 1766 1067 1837 bona
1084 1766 1170 1837 velit
1186 1776 1249 1839 aut

203 1884 389 1979 prodigere
405 1893 468 1955 aut
484 1884 641 1978 perdere.

213 2090 291 2178 Cep.
307 2112 357 2179 15.
381 2092 592 2157 Proecnmitur
605 2113 664 2156 non
677 2091 794 2155 notoni
807 2089 994 2167 colantotnn,
1008 2089 1071 2154 nui
1077 2090 1234 2177 probetur.

253 2229 414 2317 Quilibet
434 2232 656 2326 presumitur
678 2253 821 2302 munere
846 2232 882 2300 in
906 2231 1031 2301 eadem
1053 2231 1247 2315 voluntate,

203 2372 273 2442 qua
306 2347 415 2419 semel
450 2348 557 2419 fuisse
590 2356 738 2420 constat.
795 2347 948 2418 Proinde
982 2350 1042 2440 qui
1072 2358 1248 2421 mutatam

202 2467 327 2539 acuerit
352 2463 582 2549 voluntatem,
600 2465 747 2559 probare
769 2464 887 2537 debet.

345 2672 422 2758 (lap.
435 2675 485 2736 16.
507 2671 632 2737 Judicic
645 2672 791 2738 oncenuo
799 2670 1002 2756 proeoumitnr
1017 2670 1102 2737 bono.

261 2809 412 2904 Propter
445 2809 649 2905 religionem
678 2810 872 2902 judicantis
905 2832 1042 2903 semper
1075 2832 1137 2903 pro
1171 2812 1246 2905 ejus

201 2926 379 3001 sententia
405 2936 459 2998 eet
485 2926 779 3019 praeeumendum,
798 2926 863 2996 nisi
885 2948 948 3019 per
972 2924 1245 3020 appellationem

202 3045 310 3116 fuerit
333 3065 510 3137 suspensa.

439 3250 517 3337 Gap.
531 3268 580 3335 17.
603 3252 814 3316 Praeoumitnr
821 3272 883 3337 pro
896 3250 1015 3336 ocripto.

253 3389 482 3461 Praeeumitur
512 3411 576 3481 pro
606 3389 788 3481 scripture,
814 3390 879 3461 nisi
910 3390 1006 3460 aliud
1032 3399 1152 3459 aetum
1181 3390 1246 3461 ali-

202 3507 338 3600 udquer
356 3504 524 3597 scriptum
549 3528 625 3575 esse
646 3504 825 3597 probetur.

400 3714 477 3800 Cap.
493 3713 541 3777 18.
565 3713 770 3799 Procncmptio
776 3712 861 3797 jorn
875 3720 903 3777 ot
916 3711 954 3777 do
960 3712 1044 3797 jore.

252 3862 483 3956 Praesumptio
500 3885 568 3932 non
587 3870 641 3932 eet
658 3862 748 3932 tanti
766 3861 950 3944 momenti,
968 3863 1051 3953 quin
1071 3863 1244 3932 contraria

200 3980 406 4074 probatione
429 3979 602 4062 elidatur3
628 3978 692 4049 nisi
715 3979 761 4048 eit
784 3977 1008 4072 praesumptio
1023 3976 1122 4067 juria,
1141 3988 1178 4047 et
1199 3977 1244 4047 de

194 4099 286 4190 jure,
304 4120 407 4190 quam
430 4095 504 4167 sola
529 4097 604 4188 ejus
627 4094 853 4176 confessione,
872 4094 916 4163 de
937 4094 1036 4183 cujus
1058 4095 1244 4165 commodo

201 4215 325 4307 agitur,
344 4211 419 4283 tolli
440 4234 540 4305 posse
557 4221 733 4305 putamus.

444 4358 452 4399 ¹
467 4353 596 4428 prodere.
854 4346 866 4386 ²
880 4349 1000 4407 aliudve.
