2692 4800
505 287 555 337 DE
572 285 814 338 susurnam.

269 538 345 623 Gap.
362 557 410 601 11.
438 539 488 602 De
501 536 655 602 ministris
668 535 813 601 Ecclesia
827 534 1083 622 naptmudu.

198 663 236 734 Si
261 666 444 758 contingat
463 663 630 735 Ecclesiae
653 663 832 733 ministros
854 662 996 733 haeresis
1016 683 1096 734 esse
1112 684 1196 743 reos,

148 789 187 851 et
209 780 238 851 si
262 781 299 851 in
322 781 447 852 eadem
464 780 618 851 convicti
640 779 854 850 seutentiam
876 777 969 872 passi
991 777 1138 861 fuerint,
1159 786 1197 850 et

148 906 230 990 post
255 899 434 991 deponant
459 917 623 980 errorem,
649 904 687 966 et
712 895 928 987 resipiscant,
954 902 1079 965 umen
1103 916 1197 965 com·

148 1012 247 1081 muni
270 1013 354 1103 jure
379 1032 480 1081 suam
509 1010 554 1081 ad
579 1011 733 1103 priorem
758 1009 1105 1082 administrationem
1131 1008 1197 1081 Ec·

148 1126 265 1199 clesiae
299 1149 371 1196 non
403 1126 594 1212 redibunt;
623 1129 791 1217 quoniam
819 1124 991 1197 Ecclesiae
1017 1125 1196 1198 ministros

147 1244 286 1338 integra
319 1243 414 1314 fama
447 1263 524 1312 esse
563 1251 714 1336 oportet,
749 1264 820 1311 non
854 1241 970 1312 solum
1003 1240 1104 1334 apud
1136 1241 1196 1314 do·

146 1362 315 1431 mesticos
348 1368 386 1430 et
420 1380 513 1442 suos,
548 1381 670 1430 verum
705 1360 815 1429 etiam
848 1369 1027 1430 externos.
1093 1358 1195 1444 Quod

147 1474 232 1545 licet
250 1476 333 1567 jure
358 1474 538 1543 communi
564 1475 613 1545 sic
638 1473 829 1566 procedere
855 1473 993 1556 debeat,
1020 1473 1195 1545 tamensi

147 1590 349 1683 hujusmodi
384 1599 546 1682 tempora
584 1590 783 1672 inciderint,
817 1598 859 1660 ut
895 1586 1058 1660 Ecclesia
1097 1589 1196 1662 bonis

145 1707 315 1777 ministris
337 1706 528 1777 admodum
552 1705 731 1776 denudata
747 1705 803 1787 sit,
820 1712 884 1775 aut
900 1704 1030 1798 quietis
1053 1712 1094 1776 et
1117 1727 1233 1793 con-14

147 1823 277 1894 cordiae
300 1845 405 1894 causa
429 1821 465 1892 id
485 1823 651 1914 requirat,
669 1818 908 1892 ecclesiastico
923 1820 1040 1912 judici
1061 1820 1102 1892 id
1121 1843 1195 1915 per·

145 1938 332 2022 mittimus,
349 1947 391 2009 ut
414 1961 502 2030 quos
525 1960 608 2008 vere
631 1959 775 2009 suorum
798 1958 956 2007 errorum
978 1936 1195 2031 poenituerit,

147 2077 228 2126 suos
250 2055 295 2126 ad
315 2055 444 2150 gradus
467 2064 505 2125 et
531 2053 647 2125 officia
663 2054 778 2124 redire
800 2053 904 2138 sinat,
920 2061 962 2123 ut
977 2053 1030 2124 ita
1046 2052 1195 2126 necessi·

147 2171 281 2242 tatibus
303 2168 542 2242 Ecclesiarum
568 2171 724 2242 succurri
749 2171 1009 2263 possitneque
1034 2192 1108 2264 pax
1133 2171 1196 2241 im·

146 2285 328 2378 pediatur:
355 2285 392 2355 in
417 2308 488 2377 quo
510 2294 632 2356 tamen
654 2284 722 2356 hoc
741 2279 876 2355 teneri¹
894 2282 1069 2367 volumus,
1087 2292 1131 2354 ut
1152 2284 1195 2355 ad

147 2401 353 2494 ampliorem
377 2402 414 2471 iu
433 2401 593 2473 Ecclesia
615 2400 735 2471 locum
752 2423 859 2494 quam
880 2401 976 2493 prius
992 2400 1193 2483 habuerint,

146 2538 327 2609 nunquam
354 2517 556 2600 asceudant,
582 2517 648 2587 nisi
672 2536 811 2586 summa
835 2514 1027 2588 necessitas
1057 2515 1194 2602 urserit,

147 2634 204 2704 cui
223 2655 294 2702 non
310 2633 421 2726 possit
438 2632 511 2703 ulla
528 2631 597 2704 alia
613 2632 749 2702 ratione
767 2630 914 2701 occurri.

556 2929 783 2952 ...ἡ-...-

414 3169 487 3240 DE
523 3164 922 3240 BLASPHEMIA.

263 3484 341 3570 Gap.
357 3504 383 3548 1.
413 3483 529 3552 Quibus
543 3482 578 3546 iu
592 3477 679 3545 rebus
692 3487 822 3543 oosdur
835 3476 1033 3562 blasphemia.

185 3612 242 3684 Ex
254 3613 350 3683 omni
364 3620 589 3706 peccatorum
599 3632 729 3704 genere
742 3607 878 3678 nullum
892 3605 968 3679 est²
980 3607 1191 3693 horribilius,

145 3731 273 3801 necin
300 3752 369 3821 quo
396 3726 570 3798 Dominus
597 3726 695 3796 Deus
724 3733 844 3796 noster
869 3724 1116 3798 vehementius
1141 3729 1190 3797 in·

145 3848 320 3941 dignatur,
333 3854 396 3918 aut
410 3846 542 3937 majore
554 3841 706 3915 afficitur
718 3841 943 3922 contumelia,
958 3866 1024 3913 nec
1041 3844 1079 3915 in
1097 3844 1189 3937 quod

144 3964 311 4034 acerbum
335 3962 478 4033 ultionis
501 3959 613 4031 telum
637 3960 741 4030 citius
763 3959 955 4051 intorquet,
973 3981 1080 4051 quam
1103 3960 1188 4032 illud

144 4077 369 4171 blasphemie
402 4076 525 4159 scelus,
560 4075 699 4168 quaudo
734 4073 790 4144 vel
826 4074 1074 4165 superbissimo
1111 4099 1188 4146 con-

930 4259 942 4297 ²

310 4264 317 4302 ¹
333 4279 439 4327 tenere.
956 4285 1028 4324 esse.
