<?xml version="1.0" encoding="UTF-8"?>
<!DOCTYPE html PUBLIC "-//W3C//DTD XHTML 1.0 Transitional//EN"
    "http://www.w3.org/TR/xhtml1/DTD/xhtml1-transitional.dtd">
<html xmlns="http://www.w3.org/1999/xhtml" xml:lang="en" lang="en">
 <head>
  <title>
</title>
<meta http-equiv="Content-Type" content="text/html;charset=utf-8" />
  <meta name='ocr-system' content='tesseract 3.04.00' />
  <meta name='ocr-capabilities' content='ocr_page ocr_carea ocr_par ocr_line ocrx_word'/>
</head>
<body>
  <div class='ocr_page' id='page_1' title='image "./reformationeccl01cardgoog_0303.png"; bbox 0 0 2692 4800; ppageno 0'>
   <div class='ocr_carea' id='block_1_1' title="bbox 582 299 750 351">
    <p class='ocr_par' dir='ltr' id='par_1_1' title="bbox 582 299 750 351">
     <span class='ocr_line' id='line_1_1' title="bbox 582 299 750 351; baseline -0.006 -2"><span class='ocrx_word' id='word_1_1' title='bbox 582 299 630 349; x_wconf 80' lang='lat' dir='ltr'><strong>DE</strong></span> <span class='ocrx_word' id='word_1_2' title='bbox 655 299 750 351; x_wconf 82' lang='lat' dir='ltr'><strong>FIDE.</strong></span> 
     </span>
    </p>
   </div>
   <div class='ocr_carea' id='block_1_2' title="bbox 345 616 999 706">
    <p class='ocr_par' dir='ltr' id='par_1_2' title="bbox 345 616 999 706">
     <span class='ocr_line' id='line_1_2' title="bbox 345 616 999 706; baseline -0.005 -21"><span class='ocrx_word' id='word_1_3' title='bbox 345 620 421 706; x_wconf 81' lang='lat' dir='ltr'><strong>Gap.</strong></span> <span class='ocrx_word' id='word_1_4' title='bbox 437 636 486 705; x_wconf 86' lang='lat'><strong>15.</strong></span> <span class='ocrx_word' id='word_1_5' title='bbox 509 621 559 683; x_wconf 84' lang='lat' dir='ltr'><strong>Dc</strong></span> <span class='ocrx_word' id='word_1_6' title='bbox 572 619 838 683; x_wconf 76' lang='lat' dir='ltr'><strong>instrumentomm</strong></span> <span class='ocrx_word' id='word_1_7' title='bbox 852 616 999 683; x_wconf 68' lang='lat' dir='ltr'><strong>cumdio.</strong></span> 
     </span>
    </p>
   </div>
   <div class='ocr_carea' id='block_1_3' title="bbox 145 774 1193 1334">
    <p class='ocr_par' dir='ltr' id='par_1_3' title="bbox 145 774 1193 1334">
     <span class='ocr_line' id='line_1_3' title="bbox 195 774 1190 847; baseline 0.001 -1"><span class='ocrx_word' id='word_1_8' title='bbox 195 774 235 846; x_wconf 88' lang='lat' dir='ltr'><strong>Si</strong></span> <span class='ocrx_word' id='word_1_9' title='bbox 269 777 314 846; x_wconf 92' lang='lat' dir='ltr'><strong>de</strong></span> <span class='ocrx_word' id='word_1_10' title='bbox 343 774 473 846; x_wconf 89' lang='lat' dir='ltr'><strong>tabulis</strong></span> <span class='ocrx_word' id='word_1_11' title='bbox 506 777 712 847; x_wconf 82' lang='lat' dir='ltr'><strong>testamenti</strong></span> <span class='ocrx_word' id='word_1_12' title='bbox 747 775 802 846; x_wconf 89' lang='lat' dir='ltr'><strong>vel</strong></span> <span class='ocrx_word' id='word_1_13' title='bbox 837 774 915 846; x_wconf 85' lang='lat' dir='ltr'><strong>aliis</strong></span> <span class='ocrx_word' id='word_1_14' title='bbox 948 777 1190 847; x_wconf 77' lang='lat' dir='ltr'>instrumentis</span> 
     </span>
     <span class='ocr_line' id='line_1_4' title="bbox 145 893 1190 987; baseline 0.001 -24"><span class='ocrx_word' id='word_1_15' title='bbox 145 893 391 964; x_wconf 90' lang='lat' dir='ltr'><strong>communibus</strong></span> <span class='ocrx_word' id='word_1_16' title='bbox 416 893 632 985; x_wconf 85' lang='lat' dir='ltr'><strong>deponendis</strong></span> <span class='ocrx_word' id='word_1_17' title='bbox 658 902 792 986; x_wconf 77' lang='lat' dir='ltr'><strong>agatur,</strong></span> <span class='ocrx_word' id='word_1_18' title='bbox 818 902 857 965; x_wconf 88' lang='lat' dir='ltr'><strong>et</strong></span> <span class='ocrx_word' id='word_1_19' title='bbox 886 893 1074 964; x_wconf 88' lang='lat' dir='ltr'><strong>dubitetur</strong></span> <span class='ocrx_word' id='word_1_20' title='bbox 1100 894 1190 987; x_wconf 87' lang='lat' dir='ltr'><strong>apud</strong></span> 
     </span>
     <span class='ocr_line' id='line_1_5' title="bbox 145 1008 1191 1101; baseline 0.001 -23"><span class='ocrx_word' id='word_1_21' title='bbox 145 1032 253 1101; x_wconf 90' lang='lat' dir='ltr'><strong>quem</strong></span> <span class='ocrx_word' id='word_1_22' title='bbox 278 1031 322 1079; x_wconf 90' lang='lat' dir='ltr'><strong>ea</strong></span> <span class='ocrx_word' id='word_1_23' title='bbox 345 1008 474 1101; x_wconf 85' lang='lat' dir='ltr'><strong>deponi</strong></span> <span class='ocrx_word' id='word_1_24' title='bbox 501 1016 671 1101; x_wconf 87' lang='lat' dir='ltr'><strong>oporteat,</strong></span> <span class='ocrx_word' id='word_1_25' title='bbox 692 1031 830 1101; x_wconf 89' lang='lat' dir='ltr'><strong>semper</strong></span> <span class='ocrx_word' id='word_1_26' title='bbox 855 1010 1030 1080; x_wconf 82' lang='lat' dir='ltr'><strong>seniorem</strong></span> <span class='ocrx_word' id='word_1_27' title='bbox 1050 1008 1191 1101; x_wconf 89' lang='lat' dir='ltr'><strong>juniori,</strong></span> 
     </span>
     <span class='ocr_line' id='line_1_6' title="bbox 145 1122 1193 1218; baseline 0.001 -24"><span class='ocrx_word' id='word_1_28' title='bbox 145 1134 183 1196; x_wconf 92' lang='lat' dir='ltr'><strong>et</strong></span> <span class='ocrx_word' id='word_1_29' title='bbox 216 1124 395 1218; x_wconf 87' lang='lat' dir='ltr'><strong>amplioris</strong></span> <span class='ocrx_word' id='word_1_30' title='bbox 428 1122 570 1194; x_wconf 88' lang='lat' dir='ltr'><strong>honoris</strong></span> <span class='ocrx_word' id='word_1_31' title='bbox 605 1125 771 1207; x_wconf 88' lang='lat' dir='ltr'><strong>inferiori,</strong></span> <span class='ocrx_word' id='word_1_32' title='bbox 801 1133 839 1195; x_wconf 91' lang='lat' dir='ltr'><strong>et</strong></span> <span class='ocrx_word' id='word_1_33' title='bbox 871 1147 1008 1195; x_wconf 91' lang='lat' dir='ltr'><strong>marem</strong></span> <span class='ocrx_word' id='word_1_34' title='bbox 1042 1124 1193 1195; x_wconf 81' lang='lat' dir='ltr'><strong>foeminoe</strong></span> 
     </span>
     <span class='ocr_line' id='line_1_7' title="bbox 145 1222 803 1334; baseline -0.003 -22"><span class='ocrx_word' id='word_1_35' title='bbox 145 1241 378 1334; x_wconf 84' lang='lat' dir='ltr'><strong>praeferemus.</strong></span> <span class='ocrx_word' id='word_1_36' title='bbox 796 1222 803 1235; x_wconf 72' lang='grc'>’</span> 
     </span>
    </p>
   </div>
   <div class='ocr_carea' id='block_1_4' title="bbox 195 1476 1143 1590">
    <p class='ocr_par' dir='ltr' id='par_1_4' title="bbox 195 1476 1143 1590">
     <span class='ocr_line' id='line_1_8' title="bbox 195 1476 1143 1590; baseline -0.001 -45"><span class='ocrx_word' id='word_1_37' title='bbox 195 1481 276 1566; x_wconf 82' lang='lat' dir='ltr'><strong>Cap.</strong></span> <span class='ocrx_word' id='word_1_38' title='bbox 288 1481 337 1544; x_wconf 91' lang='lat'><strong>16.</strong></span> <span class='ocrx_word' id='word_1_39' title='bbox 362 1479 600 1544; x_wconf 69' lang='lat' dir='ltr'><strong>[ratramnum</strong></span> <span class='ocrx_word' id='word_1_40' title='bbox 614 1479 780 1590; x_wconf 68' lang='lat' dir='ltr'><strong>adicerais</strong></span> <span class='ocrx_word' id='word_1_41' title='bbox 794 1476 1002 1544; x_wconf 71' lang='lat' dir='ltr'><strong>tabellionibus</strong></span> <span class='ocrx_word' id='word_1_42' title='bbox 1006 1480 1143 1564; x_wconf 76' lang='lat' dir='ltr'><strong>sactum.</strong></span> 
     </span>
    </p>
   </div>
   <div class='ocr_carea' id='block_1_5' title="bbox 145 1641 1218 2321">
    <p class='ocr_par' dir='ltr' id='par_1_5' title="bbox 145 1641 1218 2321">
     <span class='ocr_line' id='line_1_9' title="bbox 195 1641 1195 1737; baseline 0.002 -23"><span class='ocrx_word' id='word_1_43' title='bbox 195 1644 475 1714; x_wconf 81' lang='lat' dir='ltr'><strong>instrumentum</strong></span> <span class='ocrx_word' id='word_1_44' title='bbox 494 1642 539 1712; x_wconf 91' lang='lat' dir='ltr'><strong>ab</strong></span> <span class='ocrx_word' id='word_1_45' title='bbox 556 1641 674 1736; x_wconf 90' lang='lat' dir='ltr'><strong>aliquo</strong></span> <span class='ocrx_word' id='word_1_46' title='bbox 691 1642 882 1714; x_wconf 81' lang='lat' dir='ltr'><strong>tabellione</strong></span> <span class='ocrx_word' id='word_1_47' title='bbox 901 1644 1097 1737; x_wconf 90' lang='lat' dir='ltr'><strong>inceptum,</strong></span> <span class='ocrx_word' id='word_1_48' title='bbox 1115 1667 1195 1717; x_wconf 88' lang='lat' dir='ltr'><strong>nec·</strong></span> 
     </span>
     <span class='ocr_line' id='line_1_10' title="bbox 146 1758 1192 1851; baseline 0.001 -21"><span class='ocrx_word' id='word_1_49' title='bbox 146 1761 232 1830; x_wconf 92' lang='lat' dir='ltr'><strong>dum</strong></span> <span class='ocrx_word' id='word_1_50' title='bbox 261 1758 318 1829; x_wconf 91' lang='lat' dir='ltr'><strong>vel</strong></span> <span class='ocrx_word' id='word_1_51' title='bbox 348 1767 492 1851; x_wconf 90' lang='lat' dir='ltr'><strong>propter</strong></span> <span class='ocrx_word' id='word_1_52' title='bbox 521 1759 743 1829; x_wconf 88' lang='lat' dir='ltr'><strong>subitaneam</strong></span> <span class='ocrx_word' id='word_1_53' title='bbox 774 1759 921 1831; x_wconf 85' lang='lat' dir='ltr'><strong>fortasse</strong></span> <span class='ocrx_word' id='word_1_54' title='bbox 949 1769 1116 1845; x_wconf 90' lang='lat' dir='ltr'><strong>mortem,</strong></span> <span class='ocrx_word' id='word_1_55' title='bbox 1139 1761 1192 1833; x_wconf 82' lang='lat' dir='ltr'><strong>rel</strong></span> 
     </span>
     <span class='ocr_line' id='line_1_11' title="bbox 146 1874 1205 1972; baseline 0.001 -25"><span class='ocrx_word' id='word_1_56' title='bbox 146 1885 290 1972; x_wconf 88' lang='lat' dir='ltr'><strong>propter</strong></span> <span class='ocrx_word' id='word_1_57' title='bbox 326 1875 532 1945; x_wconf 92' lang='lat' dir='ltr'><strong>diuturnum</strong></span> <span class='ocrx_word' id='word_1_58' title='bbox 568 1874 863 1968; x_wconf 85' lang='lat' dir='ltr'><strong>impedimentum</strong></span> <span class='ocrx_word' id='word_1_59' title='bbox 897 1876 1109 1968; x_wconf 89' lang='lat' dir='ltr'><strong>perfeetum,</strong></span> <span class='ocrx_word' id='word_1_60' title='bbox 1136 1901 1205 1948; x_wconf 86' lang='lat' dir='ltr'><strong>au-</strong></span> 
     </span>
     <span class='ocr_line' id='line_1_12' title="bbox 146 1991 1218 2085; baseline -0.007 -20"><span class='ocrx_word' id='word_1_61' title='bbox 146 1994 316 2066; x_wconf 88' lang='lat' dir='ltr'><strong>thoritate</strong></span> <span class='ocrx_word' id='word_1_62' title='bbox 339 1991 514 2073; x_wconf 86' lang='lat' dir='ltr'><strong>ordinarii,</strong></span> <span class='ocrx_word' id='word_1_63' title='bbox 541 2004 579 2063; x_wconf 91' lang='lat' dir='ltr'><strong>et</strong></span> <span class='ocrx_word' id='word_1_64' title='bbox 605 1993 647 2062; x_wconf 89' lang='lat' dir='ltr'><strong>iis</strong></span> <span class='ocrx_word' id='word_1_65' title='bbox 673 1992 946 2084; x_wconf 82' lang='lat' dir='ltr'><strong>requirentibus,</strong></span> <span class='ocrx_word' id='word_1_66' title='bbox 967 2016 1119 2085; x_wconf 91' lang='lat' dir='ltr'><strong>quorum</strong></span> <span class='ocrx_word' id='word_1_67' title='bbox 1143 1996 1218 2065; x_wconf 74' lang='lat' dir='ltr'><strong>in-</strong></span> 
     </span>
     <span class='ocr_line' id='line_1_13' title="bbox 145 2107 1215 2206; baseline -0.005 -25"><span class='ocrx_word' id='word_1_68' title='bbox 145 2120 265 2189; x_wconf 76' lang='lat' dir='ltr'><strong>terest</strong></span> <span class='ocrx_word' id='word_1_69' title='bbox 296 2115 415 2202; x_wconf 87' lang='lat' dir='ltr'><strong>potest</strong></span> <span class='ocrx_word' id='word_1_70' title='bbox 441 2130 462 2177; x_wconf 91' lang='lat' dir='ltr'><strong>a</strong></span> <span class='ocrx_word' id='word_1_71' title='bbox 487 2109 611 2198; x_wconf 87' lang='lat' dir='ltr'><strong>quovis</strong></span> <span class='ocrx_word' id='word_1_72' title='bbox 643 2107 712 2178; x_wconf 90' lang='lat' dir='ltr'><strong>alio</strong></span> <span class='ocrx_word' id='word_1_73' title='bbox 740 2108 932 2179; x_wconf 87' lang='lat' dir='ltr'><strong>tabellione</strong></span> <span class='ocrx_word' id='word_1_74' title='bbox 961 2111 1093 2203; x_wconf 87' lang='lat' dir='ltr'><strong>perfici,</strong></span> <span class='ocrx_word' id='word_1_75' title='bbox 1119 2134 1215 2206; x_wconf 80' lang='lat' dir='ltr'><strong>per-</strong></span> 
     </span>
     <span class='ocr_line' id='line_1_14' title="bbox 146 2224 635 2321; baseline -0.012 -23"><span class='ocrx_word' id='word_1_76' title='bbox 146 2236 291 2321; x_wconf 88' lang='lat' dir='ltr'><strong>petuam</strong></span> <span class='ocrx_word' id='word_1_77' title='bbox 310 2233 350 2294; x_wconf 91' lang='lat' dir='ltr'><strong>ut</strong></span> <span class='ocrx_word' id='word_1_78' title='bbox 366 2224 496 2294; x_wconf 89' lang='lat' dir='ltr'><strong>habeat</strong></span> <span class='ocrx_word' id='word_1_79' title='bbox 517 2224 635 2294; x_wconf 88' lang='lat' dir='ltr'><strong>fidem.</strong></span> 
     </span>
    </p>
   </div>
   <div class='ocr_carea' id='block_1_6' title="bbox 332 2482 1009 2568">
    <p class='ocr_par' dir='ltr' id='par_1_6' title="bbox 332 2482 1009 2568">
     <span class='ocr_line' id='line_1_15' title="bbox 332 2482 1009 2568; baseline 0.003 -22"><span class='ocrx_word' id='word_1_80' title='bbox 332 2482 408 2567; x_wconf 76' lang='lat' dir='ltr'><strong>(lap.</strong></span> <span class='ocrx_word' id='word_1_81' title='bbox 426 2498 473 2565; x_wconf 89' lang='lat'><strong>17.</strong></span> <span class='ocrx_word' id='word_1_82' title='bbox 496 2482 668 2568; x_wconf 77' lang='lat' dir='ltr'><strong>Dcacm&#39;ptio</strong></span> <span class='ocrx_word' id='word_1_83' title='bbox 683 2484 790 2548; x_wconf 79' lang='lat' dir='ltr'><strong>vetusti</strong></span> <span class='ocrx_word' id='word_1_84' title='bbox 804 2482 1009 2548; x_wconf 72' lang='lat' dir='ltr'><strong>instructam-i.</strong></span> 
     </span>
    </p>
   </div>
   <div class='ocr_carea' id='block_1_7' title="bbox 140 2644 1187 3318">
    <p class='ocr_par' dir='ltr' id='par_1_7' title="bbox 140 2644 1187 3318">
     <span class='ocr_line' id='line_1_16' title="bbox 204 2644 1185 2739; baseline 0.004 -25"><span class='ocrx_word' id='word_1_85' title='bbox 204 2644 243 2714; x_wconf 87' lang='lat' dir='ltr'><strong>Si</strong></span> <span class='ocrx_word' id='word_1_86' title='bbox 277 2645 551 2715; x_wconf 87' lang='lat' dir='ltr'><strong>instrmnentum</strong></span> <span class='ocrx_word' id='word_1_87' title='bbox 584 2657 728 2739; x_wconf 89' lang='lat' dir='ltr'><strong>proptor</strong></span> <span class='ocrx_word' id='word_1_88' title='bbox 758 2657 973 2719; x_wconf 83' lang='lat' dir='ltr'><strong>vetustatem</strong></span> <span class='ocrx_word' id='word_1_89' title='bbox 1005 2646 1062 2717; x_wconf 83' lang='lat' dir='ltr'><strong>rel</strong></span> <span class='ocrx_word' id='word_1_90' title='bbox 1091 2647 1185 2718; x_wconf 90' lang='lat' dir='ltr'><strong>aliam</strong></span> 
     </span>
     <span class='ocr_line' id='line_1_17' title="bbox 140 2753 1186 2856; baseline 0.005 -27"><span class='ocrx_word' id='word_1_91' title='bbox 140 2753 284 2852; x_wconf 78' lang='lat' dir='ltr'><strong>justam¹</strong></span> <span class='ocrx_word' id='word_1_92' title='bbox 298 2785 438 2831; x_wconf 88' lang='lat' dir='ltr'><strong>causam</strong></span> <span class='ocrx_word' id='word_1_93' title='bbox 463 2763 611 2831; x_wconf 85' lang='lat' dir='ltr'><strong>describi</strong></span> <span class='ocrx_word' id='word_1_94' title='bbox 635 2773 788 2855; x_wconf 88' lang='lat' dir='ltr'><strong>petatur,</strong></span> <span class='ocrx_word' id='word_1_95' title='bbox 806 2788 960 2856; x_wconf 75' lang='lat' dir='ltr'><strong>congruo</strong></span> <span class='ocrx_word' id='word_1_96' title='bbox 978 2764 1091 2855; x_wconf 91' lang='lat' dir='ltr'><strong>judici</strong></span> <span class='ocrx_word' id='word_1_97' title='bbox 1113 2764 1186 2835; x_wconf 80' lang='lat' dir='ltr'><strong>offe</strong></span> 
     </span>
     <span class='ocr_line' id='line_1_18' title="bbox 147 2877 1185 2971; baseline -0.001 -23"><span class='ocrx_word' id='word_1_98' title='bbox 147 2888 271 2961; x_wconf 91' lang='lat' dir='ltr'><strong>ratur;</strong></span> <span class='ocrx_word' id='word_1_99' title='bbox 311 2880 370 2969; x_wconf 87' lang='lat' dir='ltr'><strong>qni</strong></span> <span class='ocrx_word' id='word_1_100' title='bbox 404 2881 431 2948; x_wconf 90' lang='lat' dir='ltr'><strong>si</strong></span> <span class='ocrx_word' id='word_1_101' title='bbox 470 2877 658 2970; x_wconf 82' lang='lat' dir='ltr'><strong>diligenter</strong></span> <span class='ocrx_word' id='word_1_102' title='bbox 693 2880 893 2971; x_wconf 86' lang='lat' dir='ltr'><strong>inspectum</strong></span> <span class='ocrx_word' id='word_1_103' title='bbox 934 2881 969 2947; x_wconf 88' lang='lat' dir='ltr'><strong>in</strong></span> <span class='ocrx_word' id='word_1_104' title='bbox 1003 2879 1102 2950; x_wconf 87' lang='lat' dir='ltr'><strong>nulla</strong></span> <span class='ocrx_word' id='word_1_105' title='bbox 1141 2880 1185 2950; x_wconf 90' lang='lat' dir='ltr'><strong>sui</strong></span> 
     </span>
     <span class='ocr_line' id='line_1_19' title="bbox 146 2993 1185 3087; baseline 0 -23"><span class='ocrx_word' id='word_1_106' title='bbox 146 3005 246 3087; x_wconf 89' lang='lat' dir='ltr'><strong>parte</strong></span> <span class='ocrx_word' id='word_1_107' title='bbox 282 2996 445 3063; x_wconf 83' lang='lat' dir='ltr'><strong>vitiatum</strong></span> <span class='ocrx_word' id='word_1_108' title='bbox 481 2995 661 3085; x_wconf 89' lang='lat' dir='ltr'><strong>repererit,</strong></span> <span class='ocrx_word' id='word_1_109' title='bbox 696 3018 759 3084; x_wconf 92' lang='lat' dir='ltr'><strong>per</strong></span> <span class='ocrx_word' id='word_1_110' title='bbox 798 2993 975 3086; x_wconf 84' lang='lat' dir='ltr'><strong>publicam</strong></span> <span class='ocrx_word' id='word_1_111' title='bbox 1011 3016 1185 3086; x_wconf 86' lang='lat' dir='ltr'><strong>personam</strong></span> 
     </span>
     <span class='ocr_line' id='line_1_20' title="bbox 146 3108 1187 3203; baseline 0.002 -26"><span class='ocrx_word' id='word_1_112' title='bbox 146 3112 324 3203; x_wconf 79' lang='lat' dir='ltr'><strong>praecipiat</strong></span> <span class='ocrx_word' id='word_1_113' title='bbox 358 3110 517 3189; x_wconf 83' lang='lat' dir='ltr'><strong>describi,</strong></span> <span class='ocrx_word' id='word_1_114' title='bbox 550 3108 697 3177; x_wconf 90' lang='lat' dir='ltr'><strong>eandem</strong></span> <span class='ocrx_word' id='word_1_115' title='bbox 733 3108 987 3177; x_wconf 86' lang='lat' dir='ltr'><strong>authoritatem</strong></span> <span class='ocrx_word' id='word_1_116' title='bbox 1028 3131 1091 3201; x_wconf 91' lang='lat' dir='ltr'><strong>per</strong></span> <span class='ocrx_word' id='word_1_117' title='bbox 1129 3109 1187 3179; x_wconf 91' lang='lat' dir='ltr'><strong>hoc</strong></span> 
     </span>
     <span class='ocr_line' id='line_1_21' title="bbox 146 3225 654 3318; baseline -0.008 -23"><span class='ocrx_word' id='word_1_118' title='bbox 146 3249 228 3295; x_wconf 89' lang='lat' dir='ltr'><strong>cum</strong></span> <span class='ocrx_word' id='word_1_119' title='bbox 252 3225 412 3318; x_wconf 81' lang='lat' dir='ltr'><strong>originali</strong></span> <span class='ocrx_word' id='word_1_120' title='bbox 436 3225 654 3295; x_wconf 86' lang='lat' dir='ltr'><strong>habiturum.</strong></span> 
     </span>
    </p>
   </div>
   <div class='ocr_carea' id='block_1_8' title="bbox 401 3481 936 3567">
    <p class='ocr_par' dir='ltr' id='par_1_8' title="bbox 401 3481 936 3567">
     <span class='ocr_line' id='line_1_22' title="bbox 401 3481 936 3567; baseline -0.006 -20"><span class='ocrx_word' id='word_1_121' title='bbox 401 3482 479 3567; x_wconf 78' lang='lat' dir='ltr'><strong>Cap.</strong></span> <span class='ocrx_word' id='word_1_122' title='bbox 496 3485 543 3545; x_wconf 86' lang='lat'><strong>18.</strong></span> <span class='ocrx_word' id='word_1_123' title='bbox 568 3481 776 3567; x_wconf 72' lang='lat' dir='ltr'><strong>Ari-tiquitatis</strong></span> <span class='ocrx_word' id='word_1_124' title='bbox 790 3481 936 3566; x_wconf 78' lang='lat' dir='ltr'><strong>prolatio.</strong></span> 
     </span>
    </p>
   </div>
   <div class='ocr_carea' id='block_1_9' title="bbox 147 3637 1193 4080">
    <p class='ocr_par' dir='ltr' id='par_1_9' title="bbox 147 3637 1193 4080">
     <span class='ocr_line' id='line_1_23' title="bbox 198 3637 1191 3731; baseline 0 -23"><span class='ocrx_word' id='word_1_125' title='bbox 198 3639 241 3709; x_wconf 89' lang='lat' dir='ltr'><strong>ln</strong></span> <span class='ocrx_word' id='word_1_126' title='bbox 269 3639 369 3710; x_wconf 74' lang='lat' dir='ltr'><strong>factm</strong></span> <span class='ocrx_word' id='word_1_127' title='bbox 395 3641 560 3731; x_wconf 78' lang='lat' dir='ltr'><strong>antiquie,</strong></span> <span class='ocrx_word' id='word_1_128' title='bbox 579 3649 615 3709; x_wconf 89' lang='lat' dir='ltr'><strong>et</strong></span> <span class='ocrx_word' id='word_1_129' title='bbox 638 3663 718 3731; x_wconf 89' lang='lat' dir='ltr'><strong>quae</strong></span> <span class='ocrx_word' id='word_1_130' title='bbox 741 3637 892 3707; x_wconf 87' lang='lat' dir='ltr'><strong>hominis</strong></span> <span class='ocrx_word' id='word_1_131' title='bbox 918 3637 1098 3708; x_wconf 84' lang='lat' dir='ltr'><strong>excedunt</strong></span> <span class='ocrx_word' id='word_1_132' title='bbox 1124 3662 1191 3708; x_wconf 89' lang='lat' dir='ltr'><strong>me-</strong></span> 
     </span>
     <span class='ocr_line' id='line_1_24' title="bbox 147 3754 1192 3847; baseline 0 -22"><span class='ocrx_word' id='word_1_133' title='bbox 147 3756 307 3836; x_wconf 87' lang='lat' dir='ltr'><strong>moriam,</strong></span> <span class='ocrx_word' id='word_1_134' title='bbox 334 3754 439 3825; x_wconf 88' lang='lat' dir='ltr'><strong>libros</strong></span> <span class='ocrx_word' id='word_1_135' title='bbox 466 3756 638 3846; x_wconf 88' lang='lat' dir='ltr'><strong>antiquos,</strong></span> <span class='ocrx_word' id='word_1_136' title='bbox 665 3762 702 3824; x_wconf 89' lang='lat' dir='ltr'><strong>et</strong></span> <span class='ocrx_word' id='word_1_137' title='bbox 728 3754 764 3823; x_wconf 90' lang='lat' dir='ltr'><strong>id</strong></span> <span class='ocrx_word' id='word_1_138' title='bbox 794 3777 906 3847; x_wconf 85' lang='lat' dir='ltr'><strong>genus</strong></span> <span class='ocrx_word' id='word_1_139' title='bbox 932 3754 1017 3824; x_wconf 81' lang='lat' dir='ltr'><strong>alias</strong></span> <span class='ocrx_word' id='word_1_140' title='bbox 1045 3756 1192 3846; x_wconf 79' lang='lat' dir='ltr'><strong>privatas</strong></span> 
     </span>
     <span class='ocr_line' id='line_1_25' title="bbox 147 3867 1193 3965; baseline -0.004 -21"><span class='ocrx_word' id='word_1_141' title='bbox 147 3875 337 3965; x_wconf 86' lang='lat' dir='ltr'><strong>scripturas</strong></span> <span class='ocrx_word' id='word_1_142' title='bbox 375 3874 409 3940; x_wconf 92' lang='lat' dir='ltr'><strong>iu</strong></span> <span class='ocrx_word' id='word_1_143' title='bbox 445 3872 586 3941; x_wconf 85' lang='lat' dir='ltr'><strong>archivo</strong></span> <span class='ocrx_word' id='word_1_144' title='bbox 625 3869 767 3962; x_wconf 85' lang='lat' dir='ltr'><strong>publico</strong></span> <span class='ocrx_word' id='word_1_145' title='bbox 808 3867 885 3938; x_wconf 89' lang='lat' dir='ltr'><strong>scul</strong></span> <span class='ocrx_word' id='word_1_146' title='bbox 921 3869 1005 3941; x_wconf 87' lang='lat' dir='ltr'><strong>alias</strong></span> <span class='ocrx_word' id='word_1_147' title='bbox 1044 3871 1193 3942; x_wconf 88' lang='lat' dir='ltr'><strong>fideliter</strong></span> 
     </span>
     <span class='ocr_line' id='line_1_26' title="bbox 147 3987 973 4080; baseline -0.005 -21"><span class='ocrx_word' id='word_1_148' title='bbox 147 3990 341 4060; x_wconf 86' lang='lat' dir='ltr'><strong>custoditas</strong></span> <span class='ocrx_word' id='word_1_149' title='bbox 359 3988 499 4080; x_wconf 86' lang='lat' dir='ltr'><strong>plenam</strong></span> <span class='ocrx_word' id='word_1_150' title='bbox 517 3988 624 4057; x_wconf 86' lang='lat' dir='ltr'><strong>fidem</strong></span> <span class='ocrx_word' id='word_1_151' title='bbox 644 3988 758 4056; x_wconf 88' lang='lat' dir='ltr'><strong>lacere</strong></span> <span class='ocrx_word' id='word_1_152' title='bbox 776 3987 973 4057; x_wconf 86' lang='lat' dir='ltr'><strong>statuimus.</strong></span> 
     </span>
    </p>
   </div>
   <div class='ocr_carea' id='block_1_10' title="bbox 607 4213 742 4271">
    <p class='ocr_par' dir='ltr' id='par_1_10' title="bbox 607 4213 742 4271">
     <span class='ocr_line' id='line_1_27' title="bbox 607 4213 742 4271; baseline -0.022 0"><span class='ocrx_word' id='word_1_153' title='bbox 607 4213 613 4250; x_wconf 92' lang='lat'><strong>¹</strong></span> <span class='ocrx_word' id='word_1_154' title='bbox 630 4234 678 4271; x_wconf 86' lang='lat' dir='ltr'><strong>seu</strong></span> <span class='ocrx_word' id='word_1_155' title='bbox 694 4234 742 4270; x_wconf 87' lang='lat' dir='ltr'><strong>om.</strong></span> 
     </span>
    </p>
   </div>
   <div class='ocr_carea' id='block_1_11' title="bbox 0 0 1354 4800">
    <p class='ocr_par' dir='ltr' id='par_1_11' title="bbox 0 0 1354 4800">
     <span class='ocr_line' id='line_1_28' title="bbox 0 0 1354 4800; baseline 0 0"><span class='ocrx_word' id='word_1_156' title='bbox 0 0 1354 4800; x_wconf 95' lang='lat' dir='ltr'><strong> </strong></span> 
     </span>
    </p>
   </div>
  </div>
 </body>
</html>
