2692 4800
460 313 509 364 ns
534 313 892 364 nrnrrrnnrroninus.
1155 295 1196 358 8]

233 529 318 617 Cap.
337 549 368 598 2.
383 530 543 612 ,Quomdo
558 531 692 594 ruinose
706 529 812 594 mmor
826 529 904 593 rint¹
923 527 1106 616 rotanda.

193 653 340 738 Quibus
364 666 486 725 autem
514 653 550 722 iu
576 653 738 747 paroeciis
764 652 891 722 domus
916 650 1116 744 pastoribus
1141 658 1204 720 aut

145 792 271 842 eorum
287 769 427 840 vicariis
444 777 649 862 praeparatae
666 767 856 861 aliquando
873 767 1019 850 fuerint,
1032 766 1093 837 sed
1112 766 1205 859 prio·

147 911 227 958 rum
252 885 497 958 ministrorum
524 883 582 958 vel
613 882 834 978 negligentia
863 883 920 954 vel
948 884 1111 953 nuditate
1142 889 1205 951 aut

148 1004 256 1098 plane
282 1005 418 1074 ruerint
443 1003 488 1074 ad
515 1013 659 1088 terram,
681 1009 745 1071 aut
772 1001 1007 1072 diuturnitate
1034 999 1204 1091 temporis

148 1118 280 1191 collabi
305 1119 487 1212 incipiant,
506 1141 572 1190 nec
594 1117 782 1210 quicquam
801 1117 837 1185 in
858 1116 1013 1208 priorum
1033 1111 1206 1185 fortunis²

149 1236 196 1306 sit
223 1234 402 1328 reliquum
428 1257 499 1327 quo
525 1233 621 1304 refici
644 1233 789 1326 possint,
807 1231 993 1324 episcopus
1016 1232 1204 1323 septimam

150 1353 258 1422 annui
283 1352 483 1444 portionem
504 1349 738 1420 emolumenti
756 1349 850 1442 apud
869 1357 1072 1441 sequestros
1096 1348 1204 1417 faciet

149 1469 284 1560 seponi,
303 1468 415 1537 donec
438 1475 501 1538 aut
525 1466 651 1537 domus
673 1488 765 1535 nova
788 1464 952 1535 omnibus
974 1464 1125 1533 ministri
1144 1486 1206 1534 ne-

149 1584 376 1656 cessitatibus
410 1594 493 1676 apta
531 1583 649 1653 denuo
686 1591 922 1664 construatur,
957 1594 1019 1651 aut
1056 1581 1203 1651 ruinosae

149 1701 245 1772 aedes
262 1711 368 1771 sartae
385 1696 515 1771 tectae³
530 1699 629 1770 fiant.

265 1922 343 2008 (lap.
359 1943 390 2010 3.
417 1923 482 1994 Qui
494 1921 590 1986 silvas
605 1919 797 1986 ecclesiarum
812 1927 934 1986 conaot
947 1919 1091 2006 quomodo

535 2023 710 2111 camna
723 2024 815 2088 nm.

201 2147 242 2220 Si
277 2149 357 2241 quis
391 2147 544 2231 arbores,
579 2148 734 2230 arbusta,
765 2146 874 2229 lucos,
904 2168 1058 2226 nemora,
1090 2144 1204 2228 silvas,

149 2265 272 2346 saltus,
290 2265 468 2347 fruticeta,
485 2264 541 2335 vel
559 2263 761 2359 hujusmodi
779 2285 1006 2356 quascunque
1029 2262 1202 2356 lignorum

149 2382 437 2476 opportunitates
453 2381 560 2452 ullius
576 2381 622 2451 ad
639 2403 677 2452 se
694 2379 858 2450 beneficii
877 2378 1106 2450 ecclesiastici
1122 2380 1205 2471 jure

149 2499 383 2591 pertinentes,
400 2498 617 2569 licentiosius
641 2520 747 2590 quam
772 2496 963 2568 necessitas
986 2494 1110 2565 tulerit
1127 2496 1202 2567 sinc

149 2638 324 2686 consensu
356 2616 485 2710 proprii
512 2614 607 2685 illius
635 2614 779 2685 ditionis
811 2614 965 2706 episcopi
993 2613 1204 2695 vendiderit,

147 2733 350 2814 succiderit,
363 2731 565 2823 amputarit,
579 2731 777 2824 asportarit,
793 2741 856 2800 aut
870 2752 1082 2821 quocunque
1095 2730 1203 2800 modo

148 2847 347 2940 corruperit
368 2855 406 2917 et
424 2848 581 2927 vastarit,
599 2848 753 2939 pretinm
771 2848 801 2916 is
820 2847 1033 2927 universum,
1053 2855 1091 2917 et
1108 2848 1204 2918 aesti-

148 2964 345 3034 mationem
363 2962 521 3032 omnium
540 2960 741 3055 hujusmodi
760 2962 937 3055 lignorum
952 2963 1203 3034 distractorum

149 3088 189 3150 et
207 3099 421 3160 eversonrm,
438 3079 475 3147 in
500 3079 625 3149 cistam
651 3103 847 3172 pauperum
871 3080 1081 3150 attributam
1100 3079 1205 3173 plene

148 3193 320 3264 conferet.
373 3191 550 3265 Praeterea
584 3202 725 3264 tanturn
760 3195 796 3264 iu
830 3195 897 3265 hac
931 3219 971 3265 re
1010 3197 1201 3267 successori

147 3309 354 3394 satisfaciet,
372 3320 543 3403 quantum
568 3310 753 3402 episcopus
773 3334 916 3403 aequum
941 3334 1017 3383 esse
1041 3312 1203 3405 putabit:

147 3438 187 3498 et
213 3449 354 3520 prorsus
380 3425 461 3497 talis
486 3427 554 3496 erit
579 3426 684 3519 hujus
710 3450 823 3498 causae
855 3429 944 3498 ratio
968 3427 1081 3520 qualis
1107 3429 1203 3521 prius

146 3542 379 3614 aedificiorum
397 3542 665 3613 reficiendorum
684 3566 705 3613 a
722 3543 824 3615 nobis
842 3544 957 3636 posita
974 3553 1039 3617 est.

246 3773 325 3861 (lap.
336 3797 367 3854 4.
390 3774 439 3839 Do
454 3774 520 3839 iao
535 3775 589 3860 qui
604 3775 761 3841 moriendo
775 3775 842 3839 aedt
890 3774 897 3790 '
931 3775 1109 3860 relinquunt

518 3879 645 3944 ruinosa
660 3887 715 3943 act
728 3902 840 3945 coersn

200 4000 332 4072 Itidem
364 4002 424 4094 qui
453 4024 608 4094 praesens
635 4015 691 4073 est
720 4002 877 4073 ecclesiae
905 4002 1093 4095 praefectus
1120 4025 1199 4073 cnm

145 4121 280 4213 migrat
309 4141 331 4188 o
357 4119 438 4202 vita,
464 4121 492 4190 si
520 4120 737 4213 superiorem
768 4118 893 4212 templi
925 4130 1062 4211 partem
1093 4142 1199 4213 quam

191 4330 295 4391 ¹sunt.
350 4329 510 4393 ²collcbi..
526 4330 684 4392 ..fortunis
699 4351 750 4390 orn.
804 4329 1003 4390 ³sartetectae.
1056 4330 1159 4389 ⁴sunt.

661 4453 686 4502 G
