<?xml version="1.0" encoding="UTF-8"?>
<!DOCTYPE html PUBLIC "-//W3C//DTD XHTML 1.0 Transitional//EN"
    "http://www.w3.org/TR/xhtml1/DTD/xhtml1-transitional.dtd">
<html xmlns="http://www.w3.org/1999/xhtml" xml:lang="en" lang="en">
 <head>
  <title>
</title>
<meta http-equiv="Content-Type" content="text/html;charset=utf-8" />
  <meta name='ocr-system' content='tesseract 3.04.00' />
  <meta name='ocr-capabilities' content='ocr_page ocr_carea ocr_par ocr_line ocrx_word'/>
</head>
<body>
  <div class='ocr_page' id='page_1' title='image "./reformationeccl01cardgoog_0038.png"; bbox 0 0 2692 4800; ppageno 0'>
   <div class='ocr_carea' id='block_1_1' title="bbox 274 304 1117 364">
    <p class='ocr_par' dir='ltr' id='par_1_1' title="bbox 274 304 1117 364">
     <span class='ocr_line' id='line_1_1' title="bbox 274 304 1117 364; baseline 0 -2"><span class='ocrx_word' id='word_1_1' title='bbox 274 307 365 362; x_wconf 81' lang='lat' dir='ltr'><strong>REG.</strong></span> <span class='ocrx_word' id='word_1_2' title='bbox 390 305 513 362; x_wconf 84' lang='lat' dir='ltr'>HENR.</span> <span class='ocrx_word' id='word_1_3' title='bbox 537 304 685 362; x_wconf 82' lang='lat' dir='ltr'><strong>OCTAVl</strong></span> <span class='ocrx_word' id='word_1_4' title='bbox 709 305 908 363; x_wconf 82' lang='lat' dir='ltr'>EPISTOLA.</span> <span class='ocrx_word' id='word_1_5' title='bbox 1052 309 1117 364; x_wconf 81' lang='lat' dir='ltr'><strong>xxix</strong></span> 
     </span>
    </p>
   </div>
   <div class='ocr_carea' id='block_1_2' title="bbox 56 457 1112 4342">
    <p class='ocr_par' dir='ltr' id='par_1_2' title="bbox 56 457 1110 1037">
     <span class='ocr_line' id='line_1_2' title="bbox 58 457 1110 544; baseline 0.003 -22"><span class='ocrx_word' id='word_1_6' title='bbox 58 459 247 523; x_wconf 74' lang='lat' dir='ltr'><strong>cristodiunt</strong></span> <span class='ocrx_word' id='word_1_7' title='bbox 262 457 435 542; x_wconf 87' lang='lat' dir='ltr'><strong>justitiam,</strong></span> <span class='ocrx_word' id='word_1_8' title='bbox 448 458 535 541; x_wconf 84' lang='lat' dir='ltr'><strong>juste</strong></span> <span class='ocrx_word' id='word_1_9' title='bbox 552 457 790 543; x_wconf 88' lang='lat' dir='ltr'><strong>judicabuntur,</strong></span> <span class='ocrx_word' id='word_1_10' title='bbox 806 467 840 523; x_wconf 91' lang='lat' dir='ltr'><strong>et</strong></span> <span class='ocrx_word' id='word_1_11' title='bbox 857 459 911 544; x_wconf 92' lang='lat' dir='ltr'><strong>qui</strong></span> <span class='ocrx_word' id='word_1_12' title='bbox 931 459 1110 526; x_wconf 88' lang='lat' dir='ltr'><strong>didicerunt</strong></span> 
     </span>
     <span class='ocr_line' id='line_1_3' title="bbox 56 559 1109 649; baseline 0.003 -25"><span class='ocrx_word' id='word_1_13' title='bbox 56 563 153 646; x_wconf 86' lang='lat' dir='ltr'><strong>justa,</strong></span> <span class='ocrx_word' id='word_1_14' title='bbox 169 561 335 625; x_wconf 78' lang='lat' dir='ltr'><strong>invenient</strong></span> <span class='ocrx_word' id='word_1_15' title='bbox 357 559 433 644; x_wconf 93' lang='lat' dir='ltr'><strong>quid</strong></span> <span class='ocrx_word' id='word_1_16' title='bbox 456 560 699 646; x_wconf 84' lang='lat' dir='ltr'><strong>respondeant,”</strong></span> <span class='ocrx_word' id='word_1_17' title='bbox 714 562 772 626; x_wconf 78' lang='lat' dir='ltr'><strong>dre.</strong></span> <span class='ocrx_word' id='word_1_18' title='bbox 819 561 905 624; x_wconf 89' lang='lat' dir='ltr'><strong>Hinc</strong></span> <span class='ocrx_word' id='word_1_19' title='bbox 927 562 1018 627; x_wconf 79' lang='lat' dir='ltr'><strong>facile</strong></span> <span class='ocrx_word' id='word_1_20' title='bbox 1040 586 1109 649; x_wconf 91' lang='lat' dir='ltr'><strong>per-</strong></span> 
     </span>
     <span class='ocr_line' id='line_1_4' title="bbox 61 662 1109 749; baseline 0.002 -22"><span class='ocrx_word' id='word_1_21' title='bbox 61 664 135 749; x_wconf 80' lang='lat' dir='ltr'><strong>spici</strong></span> <span class='ocrx_word' id='word_1_22' title='bbox 155 670 277 749; x_wconf 83' lang='lat' dir='ltr'><strong>poteat,</strong></span> <span class='ocrx_word' id='word_1_23' title='bbox 292 662 528 727; x_wconf 77' lang='lat' dir='ltr'><strong>exactissimae</strong></span> <span class='ocrx_word' id='word_1_24' title='bbox 547 663 674 748; x_wconf 87' lang='lat' dir='ltr'><strong>regibus</strong></span> <span class='ocrx_word' id='word_1_25' title='bbox 695 663 867 748; x_wconf 79' lang='lat' dir='ltr'><strong>potestatis</strong></span> <span class='ocrx_word' id='word_1_26' title='bbox 889 686 953 727; x_wconf 86' lang='lat' dir='ltr'><strong>suae</strong></span> <span class='ocrx_word' id='word_1_27' title='bbox 975 665 1109 729; x_wconf 93' lang='lat' dir='ltr'><strong>redden-</strong></span> 
     </span>
     <span class='ocr_line' id='line_1_5' title="bbox 63 764 1110 853; baseline 0.001 -21"><span class='ocrx_word' id='word_1_28' title='bbox 63 769 134 832; x_wconf 83' lang='lat' dir='ltr'><strong>dam</strong></span> <span class='ocrx_word' id='word_1_29' title='bbox 154 789 225 832; x_wconf 84' lang='lat' dir='ltr'><strong>esse</strong></span> <span class='ocrx_word' id='word_1_30' title='bbox 245 765 413 843; x_wconf 88' lang='lat' dir='ltr'><strong>rationem,</strong></span> <span class='ocrx_word' id='word_1_31' title='bbox 429 764 560 849; x_wconf 78' lang='lat' dir='ltr'><strong>illosque</strong></span> <span class='ocrx_word' id='word_1_32' title='bbox 578 765 780 851; x_wconf 83' lang='lat' dir='ltr'><strong>gravissimae</strong></span> <span class='ocrx_word' id='word_1_33' title='bbox 800 787 929 831; x_wconf 90' lang='lat' dir='ltr'><strong>manere</strong></span> <span class='ocrx_word' id='word_1_34' title='bbox 946 790 1068 853; x_wconf 85' lang='lat' dir='ltr'><strong>poenas,</strong></span> <span class='ocrx_word' id='word_1_35' title='bbox 1084 769 1110 832; x_wconf 89' lang='lat' dir='ltr'><strong>si</strong></span> 
     </span>
     <span class='ocr_line' id='line_1_6' title="bbox 63 867 1110 956; baseline 0.001 -24"><span class='ocrx_word' id='word_1_36' title='bbox 63 890 133 945; x_wconf 89' lang='lat' dir='ltr'><strong>non,</strong></span> <span class='ocrx_word' id='word_1_37' title='bbox 157 875 196 933; x_wconf 91' lang='lat' dir='ltr'><strong>ut</strong></span> <span class='ocrx_word' id='word_1_38' title='bbox 219 867 374 953; x_wconf 88' lang='lat' dir='ltr'><strong>oportuit,</strong></span> <span class='ocrx_word' id='word_1_39' title='bbox 397 867 430 930; x_wconf 93' lang='lat' dir='ltr'><strong>in</strong></span> <span class='ocrx_word' id='word_1_40' title='bbox 456 867 618 953; x_wconf 84' lang='lat' dir='ltr'><strong>republica</strong></span> <span class='ocrx_word' id='word_1_41' title='bbox 640 867 893 932; x_wconf 87' lang='lat' dir='ltr'><strong>administranda</strong></span> <span class='ocrx_word' id='word_1_42' title='bbox 918 891 986 933; x_wconf 85' lang='lat' dir='ltr'><strong>sese</strong></span> <span class='ocrx_word' id='word_1_43' title='bbox 1007 893 1110 956; x_wconf 87' lang='lat' dir='ltr'><strong>gesse·</strong></span> 
     </span>
     <span class='ocr_line' id='line_1_7' title="bbox 63 972 136 1037; baseline -0.014 -1"><span class='ocrx_word' id='word_1_44' title='bbox 63 972 136 1037; x_wconf 86' lang='lat' dir='ltr'><strong>rint.</strong></span> 
     </span>
    </p>

    <p class='ocr_par' dir='ltr' id='par_1_3' title="bbox 61 1071 1112 2184">
     <span class='ocr_line' id='line_1_8' title="bbox 105 1071 1109 1160; baseline 0 -23"><span class='ocrx_word' id='word_1_45' title='bbox 105 1072 249 1154; x_wconf 77' lang='lat' dir='ltr'><strong>Quodsi</strong></span> <span class='ocrx_word' id='word_1_46' title='bbox 271 1079 367 1138; x_wconf 88' lang='lat' dir='ltr'><strong>tanta</strong></span> <span class='ocrx_word' id='word_1_47' title='bbox 389 1094 464 1137; x_wconf 91' lang='lat' dir='ltr'><strong>eura</strong></span> <span class='ocrx_word' id='word_1_48' title='bbox 478 1094 517 1136; x_wconf 84' lang='lat' dir='ltr'><strong>ae</strong></span> <span class='ocrx_word' id='word_1_49' title='bbox 539 1071 749 1137; x_wconf 86' lang='lat' dir='ltr'><strong>sollicitudine</strong></span> <span class='ocrx_word' id='word_1_50' title='bbox 771 1073 1009 1158; x_wconf 86' lang='lat' dir='ltr'><strong>quibuscunque</strong></span> <span class='ocrx_word' id='word_1_51' title='bbox 1030 1075 1109 1160; x_wconf 85' lang='lat' dir='ltr'><strong>regi-</strong></span> 
     </span>
     <span class='ocr_line' id='line_1_9' title="bbox 63 1173 1110 1262; baseline 0.001 -22"><span class='ocrx_word' id='word_1_52' title='bbox 63 1177 122 1240; x_wconf 85' lang='lat' dir='ltr'><strong>bus</strong></span> <span class='ocrx_word' id='word_1_53' title='bbox 143 1196 225 1262; x_wconf 85' lang='lat' dir='ltr'><strong>opus</strong></span> <span class='ocrx_word' id='word_1_54' title='bbox 242 1183 301 1252; x_wconf 91' lang='lat' dir='ltr'><strong>est,</strong></span> <span class='ocrx_word' id='word_1_55' title='bbox 325 1196 421 1260; x_wconf 86' lang='lat' dir='ltr'><strong>quam</strong></span> <span class='ocrx_word' id='word_1_56' title='bbox 440 1173 552 1239; x_wconf 87' lang='lat' dir='ltr'><strong>anxios</strong></span> <span class='ocrx_word' id='word_1_57' title='bbox 571 1174 670 1260; x_wconf 90' lang='lat' dir='ltr'><strong>igitur</strong></span> <span class='ocrx_word' id='word_1_58' title='bbox 688 1197 727 1239; x_wconf 84' lang='lat' dir='ltr'><strong>ac</strong></span> <span class='ocrx_word' id='word_1_59' title='bbox 747 1175 897 1240; x_wconf 85' lang='lat' dir='ltr'><strong>sollicitos</strong></span> <span class='ocrx_word' id='word_1_60' title='bbox 912 1177 1110 1241; x_wconf 76' lang='lat' dir='ltr'><strong>Christianos</strong></span> 
     </span>
     <span class='ocr_line' id='line_1_10' title="bbox 63 1277 1109 1365; baseline 0.002 -22"><span class='ocrx_word' id='word_1_61' title='bbox 63 1301 154 1364; x_wconf 84' lang='lat' dir='ltr'><strong>reges</strong></span> <span class='ocrx_word' id='word_1_62' title='bbox 171 1300 242 1343; x_wconf 89' lang='lat' dir='ltr'><strong>esse</strong></span> <span class='ocrx_word' id='word_1_63' title='bbox 256 1278 372 1343; x_wconf 89' lang='lat' dir='ltr'><strong>debere</strong></span> <span class='ocrx_word' id='word_1_64' title='bbox 391 1277 581 1342; x_wconf 88' lang='lat' dir='ltr'><strong>eenaendum</strong></span> <span class='ocrx_word' id='word_1_65' title='bbox 596 1284 656 1353; x_wconf 86' lang='lat' dir='ltr'><strong>est,</strong></span> <span class='ocrx_word' id='word_1_66' title='bbox 672 1277 785 1361; x_wconf 85' lang='lat' dir='ltr'><strong>quibua</strong></span> <span class='ocrx_word' id='word_1_67' title='bbox 806 1300 868 1342; x_wconf 92' lang='lat' dir='ltr'><strong>non</strong></span> <span class='ocrx_word' id='word_1_68' title='bbox 884 1278 996 1365; x_wconf 92' lang='lat' dir='ltr'><strong>politia</strong></span> <span class='ocrx_word' id='word_1_69' title='bbox 1013 1280 1109 1345; x_wconf 92' lang='lat' dir='ltr'><strong>modo</strong></span> 
     </span>
     <span class='ocr_line' id='line_1_11' title="bbox 63 1380 1112 1465; baseline 0.002 -20"><span class='ocrx_word' id='word_1_70' title='bbox 63 1381 171 1458; x_wconf 77' lang='lat' dir='ltr'><strong>civilis,</strong></span> <span class='ocrx_word' id='word_1_71' title='bbox 196 1381 254 1445; x_wconf 84' lang='lat' dir='ltr'><strong>sed</strong></span> <span class='ocrx_word' id='word_1_72' title='bbox 282 1380 495 1445; x_wconf 82' lang='lat' dir='ltr'><strong>ecclesiastica</strong></span> <span class='ocrx_word' id='word_1_73' title='bbox 520 1380 618 1445; x_wconf 90' lang='lat' dir='ltr'><strong>etiam</strong></span> <span class='ocrx_word' id='word_1_74' title='bbox 647 1387 791 1465; x_wconf 83' lang='lat' dir='ltr'><strong>potestas</strong></span> <span class='ocrx_word' id='word_1_75' title='bbox 817 1381 896 1446; x_wconf 88' lang='lat' dir='ltr'><strong>data</strong></span> <span class='ocrx_word' id='word_1_76' title='bbox 919 1387 992 1446; x_wconf 84' lang='lat' dir='ltr'><strong>eet!</strong></span> <span class='ocrx_word' id='word_1_77' title='bbox 1040 1382 1112 1448; x_wconf 87' lang='lat' dir='ltr'><strong>Hos</strong></span> 
     </span>
     <span class='ocr_line' id='line_1_12' title="bbox 63 1482 1110 1569; baseline 0.002 -21"><span class='ocrx_word' id='word_1_78' title='bbox 63 1484 145 1548; x_wconf 89' lang='lat' dir='ltr'><strong>enim</strong></span> <span class='ocrx_word' id='word_1_79' title='bbox 163 1505 229 1548; x_wconf 92' lang='lat' dir='ltr'><strong>non</strong></span> <span class='ocrx_word' id='word_1_80' title='bbox 248 1489 376 1547; x_wconf 90' lang='lat' dir='ltr'><strong>tantum</strong></span> <span class='ocrx_word' id='word_1_81' title='bbox 392 1504 462 1566; x_wconf 89' lang='lat' dir='ltr'><strong>quae</strong></span> <span class='ocrx_word' id='word_1_82' title='bbox 479 1482 520 1547; x_wconf 92' lang='lat' dir='ltr'><strong>ad</strong></span> <span class='ocrx_word' id='word_1_83' title='bbox 536 1482 708 1546; x_wconf 76' lang='lat' dir='ltr'><strong>humanam</strong></span> <span class='ocrx_word' id='word_1_84' title='bbox 730 1482 916 1548; x_wconf 85' lang='lat' dir='ltr'><strong>societatem</strong></span> <span class='ocrx_word' id='word_1_85' title='bbox 935 1485 1110 1569; x_wconf 87' lang='lat' dir='ltr'><strong>pertinent,</strong></span> 
     </span>
     <span class='ocr_line' id='line_1_13' title="bbox 62 1584 1110 1671; baseline -0.003 -18"><span class='ocrx_word' id='word_1_86' title='bbox 62 1587 117 1653; x_wconf 80' lang='lat' dir='ltr'><strong>ned</strong></span> <span class='ocrx_word' id='word_1_87' title='bbox 132 1586 233 1651; x_wconf 86' lang='lat' dir='ltr'><strong>etiam</strong></span> <span class='ocrx_word' id='word_1_88' title='bbox 248 1608 319 1671; x_wconf 83' lang='lat' dir='ltr'><strong>quae</strong></span> <span class='ocrx_word' id='word_1_89' title='bbox 334 1585 449 1649; x_wconf 83' lang='lat' dir='ltr'><strong>divinae</strong></span> <span class='ocrx_word' id='word_1_90' title='bbox 459 1584 712 1668; x_wconf 81' lang='lat' dir='ltr'><strong>Christianaeque</strong></span> <span class='ocrx_word' id='word_1_91' title='bbox 727 1585 870 1671; x_wconf 77' lang='lat' dir='ltr'><strong>religioni</strong></span> <span class='ocrx_word' id='word_1_92' title='bbox 886 1587 1023 1652; x_wconf 86' lang='lat' dir='ltr'><strong>maxime</strong></span> <span class='ocrx_word' id='word_1_93' title='bbox 1037 1610 1110 1652; x_wconf 91' lang='lat' dir='ltr'><strong>oon-</strong></span> 
     </span>
     <span class='ocr_line' id='line_1_14' title="bbox 62 1689 1110 1774; baseline 0.001 -20"><span class='ocrx_word' id='word_1_94' title='bbox 62 1698 217 1755; x_wconf 83' lang='lat' dir='ltr'><strong>sentanea</strong></span> <span class='ocrx_word' id='word_1_95' title='bbox 230 1694 315 1765; x_wconf 86' lang='lat' dir='ltr'><strong>sunt,</strong></span> <span class='ocrx_word' id='word_1_96' title='bbox 330 1710 442 1752; x_wconf 77' lang='lat' dir='ltr'><strong>curare</strong></span> <span class='ocrx_word' id='word_1_97' title='bbox 456 1709 583 1752; x_wconf 78' lang='lat' dir='ltr'><strong>necesse</strong></span> <span class='ocrx_word' id='word_1_98' title='bbox 597 1695 668 1751; x_wconf 90' lang='lat' dir='ltr'><strong>est:</strong></span> <span class='ocrx_word' id='word_1_99' title='bbox 692 1696 880 1772; x_wconf 84' lang='lat' dir='ltr'><strong>praeeentem</strong></span> <span class='ocrx_word' id='word_1_100' title='bbox 896 1689 989 1774; x_wconf 89' lang='lat' dir='ltr'><strong>hujus</strong></span> <span class='ocrx_word' id='word_1_101' title='bbox 1004 1691 1110 1755; x_wconf 87' lang='lat' dir='ltr'><strong>saeculi</strong></span> 
     </span>
     <span class='ocr_line' id='line_1_15' title="bbox 62 1788 1112 1875; baseline 0.001 -20"><span class='ocrx_word' id='word_1_102' title='bbox 62 1790 248 1856; x_wconf 65' lang='lat' dir='ltr'><strong>felicitatem</strong></span> <span class='ocrx_word' id='word_1_103' title='bbox 273 1789 431 1875; x_wconf 77' lang='lat' dir='ltr'><strong>principes</strong></span> <span class='ocrx_word' id='word_1_104' title='bbox 455 1788 654 1854; x_wconf 76' lang='lat' dir='ltr'><strong>Christianos</strong></span> <span class='ocrx_word' id='word_1_105' title='bbox 680 1788 727 1853; x_wconf 91' lang='lat' dir='ltr'><strong>ita</strong></span> <span class='ocrx_word' id='word_1_106' title='bbox 753 1790 858 1855; x_wconf 89' lang='lat' dir='ltr'><strong>metiri</strong></span> <span class='ocrx_word' id='word_1_107' title='bbox 888 1792 1043 1869; x_wconf 82' lang='lat' dir='ltr'><strong>convenit,</strong></span> <span class='ocrx_word' id='word_1_108' title='bbox 1075 1800 1112 1857; x_wconf 91' lang='lat' dir='ltr'><strong>ut</strong></span> 
     </span>
     <span class='ocr_line' id='line_1_16' title="bbox 61 1890 1112 1981; baseline -0.005 -21"><span class='ocrx_word' id='word_1_109' title='bbox 61 1894 121 1960; x_wconf 82' lang='lat' dir='ltr'><strong>hac</strong></span> <span class='ocrx_word' id='word_1_110' title='bbox 135 1899 302 1981; x_wconf 81' lang='lat' dir='ltr'><strong>potestate</strong></span> <span class='ocrx_word' id='word_1_111' title='bbox 315 1914 375 1957; x_wconf 85' lang='lat' dir='ltr'><strong>sua</strong></span> <span class='ocrx_word' id='word_1_112' title='bbox 388 1893 431 1956; x_wconf 92' lang='lat' dir='ltr'><strong>ad</strong></span> <span class='ocrx_word' id='word_1_113' title='bbox 441 1892 503 1956; x_wconf 93' lang='lat' dir='ltr'><strong>Dei</strong></span> <span class='ocrx_word' id='word_1_114' title='bbox 519 1892 639 1956; x_wconf 88' lang='lat' dir='ltr'><strong>cultum</strong></span> <span class='ocrx_word' id='word_1_115' title='bbox 654 1890 852 1958; x_wconf 88' lang='lat' dir='ltr'><strong>dilatandum</strong></span> <span class='ocrx_word' id='word_1_116' title='bbox 869 1901 1013 1967; x_wconf 88' lang='lat' dir='ltr'><strong>utantur,</strong></span> <span class='ocrx_word' id='word_1_117' title='bbox 1027 1899 1064 1957; x_wconf 90' lang='lat' dir='ltr'><strong>ut</strong></span> <span class='ocrx_word' id='word_1_118' title='bbox 1079 1893 1112 1956; x_wconf 91' lang='lat' dir='ltr'><strong>in</strong></span> 
     </span>
     <span class='ocr_line' id='line_1_17' title="bbox 61 1994 1109 2082; baseline -0.002 -20"><span class='ocrx_word' id='word_1_119' title='bbox 61 1997 123 2062; x_wconf 91' lang='lat' dir='ltr'><strong>hoc</strong></span> <span class='ocrx_word' id='word_1_120' title='bbox 144 1995 400 2073; x_wconf 66' lang='lat' dir='ltr'><strong>incumberent</strong></span> <span class='ocrx_word' id='word_1_121' title='bbox 420 2003 510 2059; x_wconf 88' lang='lat' dir='ltr'><strong>reeta</strong></span> <span class='ocrx_word' id='word_1_122' title='bbox 532 1994 678 2059; x_wconf 87' lang='lat' dir='ltr'><strong>doctrina</strong></span> <span class='ocrx_word' id='word_1_123' title='bbox 697 2003 893 2082; x_wconf 73' lang='lat' dir='ltr'><strong>propagetur</strong></span> <span class='ocrx_word' id='word_1_124' title='bbox 914 2004 1109 2080; x_wconf 82' lang='lat' dir='ltr'><strong>orneturque</strong></span> 
     </span>
     <span class='ocr_line' id='line_1_18' title="bbox 62 2096 250 2184; baseline -0.011 -21"><span class='ocrx_word' id='word_1_125' title='bbox 62 2097 123 2163; x_wconf 88' lang='lat' dir='ltr'><strong>Dei</strong></span> <span class='ocrx_word' id='word_1_126' title='bbox 136 2096 250 2184; x_wconf 85' lang='lat' dir='ltr'><strong>gloria.</strong></span> 
     </span>
    </p>

    <p class='ocr_par' dir='ltr' id='par_1_4' title="bbox 59 2198 1111 4342">
     <span class='ocr_line' id='line_1_19' title="bbox 104 2198 1109 2286; baseline -0.001 -21"><span class='ocrx_word' id='word_1_127' title='bbox 104 2200 187 2265; x_wconf 82' lang='lat' dir='ltr'><strong>(lum</strong></span> <span class='ocrx_word' id='word_1_128' title='bbox 209 2199 309 2286; x_wconf 80' lang='lat' dir='ltr'><strong>igitur</strong></span> <span class='ocrx_word' id='word_1_129' title='bbox 330 2222 351 2263; x_wconf 91' lang='lat' dir='ltr'><strong>a</strong></span> <span class='ocrx_word' id='word_1_130' title='bbox 368 2198 556 2264; x_wconf 78' lang='lat' dir='ltr'><strong>Christianis</strong></span> <span class='ocrx_word' id='word_1_131' title='bbox 581 2199 708 2284; x_wconf 87' lang='lat' dir='ltr'><strong>regibus</strong></span> <span class='ocrx_word' id='word_1_132' title='bbox 728 2199 888 2284; x_wconf 86' lang='lat' dir='ltr'><strong>justitiam</strong></span> <span class='ocrx_word' id='word_1_133' title='bbox 912 2199 946 2263; x_wconf 92' lang='lat' dir='ltr'><strong>in</strong></span> <span class='ocrx_word' id='word_1_134' title='bbox 969 2199 1109 2285; x_wconf 88' lang='lat' dir='ltr'><strong>imperio,</strong></span> 
     </span>
     <span class='ocr_line' id='line_1_20' title="bbox 61 2301 1111 2389; baseline -0.001 -22"><span class='ocrx_word' id='word_1_135' title='bbox 61 2302 151 2389; x_wconf 81' lang='lat' dir='ltr'><strong>pecie</strong></span> <span class='ocrx_word' id='word_1_136' title='bbox 167 2303 296 2367; x_wconf 85' lang='lat' dir='ltr'><strong>tuendae</strong></span> <span class='ocrx_word' id='word_1_137' title='bbox 316 2323 435 2380; x_wconf 85' lang='lat' dir='ltr'><strong>euram,</strong></span> <span class='ocrx_word' id='word_1_138' title='bbox 449 2301 614 2388; x_wconf 90' lang='lat' dir='ltr'><strong>pietatem,</strong></span> <span class='ocrx_word' id='word_1_139' title='bbox 630 2302 772 2366; x_wconf 85' lang='lat' dir='ltr'><strong>studium</strong></span> <span class='ocrx_word' id='word_1_140' title='bbox 784 2303 934 2386; x_wconf 69' lang='lat' dir='ltr'><strong>juvandae</strong></span> <span class='ocrx_word' id='word_1_141' title='bbox 949 2310 983 2367; x_wconf 91' lang='lat' dir='ltr'><strong>et</strong></span> <span class='ocrx_word' id='word_1_142' title='bbox 997 2324 1111 2368; x_wconf 87' lang='lat' dir='ltr'><strong>ornan-</strong></span> 
     </span>
     <span class='ocr_line' id='line_1_21' title="bbox 62 2402 1110 2491; baseline -0.003 -20"><span class='ocrx_word' id='word_1_143' title='bbox 62 2407 112 2471; x_wconf 81' lang='lat' dir='ltr'><strong>doe</strong></span> <span class='ocrx_word' id='word_1_144' title='bbox 131 2405 295 2491; x_wconf 78' lang='lat' dir='ltr'><strong>religionis</strong></span> <span class='ocrx_word' id='word_1_145' title='bbox 310 2403 500 2469; x_wconf 75' lang='lat' dir='ltr'><strong>Christiana</strong></span> <span class='ocrx_word' id='word_1_146' title='bbox 521 2403 604 2489; x_wconf 80' lang='lat' dir='ltr'><strong>exigi</strong></span> <span class='ocrx_word' id='word_1_147' title='bbox 624 2402 917 2482; x_wconf 78' lang='lat' dir='ltr'><strong>animadverterem,</strong></span> <span class='ocrx_word' id='word_1_148' title='bbox 934 2405 1012 2468; x_wconf 92' lang='lat' dir='ltr'><strong>nihil</strong></span> <span class='ocrx_word' id='word_1_149' title='bbox 1032 2405 1110 2470; x_wconf 88' lang='lat' dir='ltr'><strong>mihi</strong></span> 
     </span>
     <span class='ocr_line' id='line_1_22' title="bbox 61 2507 1110 2594; baseline -0.001 -21"><span class='ocrx_word' id='word_1_150' title='bbox 61 2509 172 2594; x_wconf 89' lang='lat' dir='ltr'><strong>potius</strong></span> <span class='ocrx_word' id='word_1_151' title='bbox 193 2529 262 2572; x_wconf 86' lang='lat' dir='ltr'><strong>esse</strong></span> <span class='ocrx_word' id='word_1_152' title='bbox 281 2508 398 2572; x_wconf 89' lang='lat' dir='ltr'><strong>debere</strong></span> <span class='ocrx_word' id='word_1_153' title='bbox 416 2507 608 2592; x_wconf 88' lang='lat' dir='ltr'><strong>judicabam,</strong></span> <span class='ocrx_word' id='word_1_154' title='bbox 627 2528 721 2590; x_wconf 90' lang='lat' dir='ltr'><strong>quam</strong></span> <span class='ocrx_word' id='word_1_155' title='bbox 743 2514 780 2571; x_wconf 89' lang='lat' dir='ltr'><strong>ut</strong></span> <span class='ocrx_word' id='word_1_156' title='bbox 800 2528 910 2571; x_wconf 88' lang='lat' dir='ltr'><strong>omnes</strong></span> <span class='ocrx_word' id='word_1_157' title='bbox 931 2507 1041 2571; x_wconf 92' lang='lat' dir='ltr'><strong>inirem</strong></span> <span class='ocrx_word' id='word_1_158' title='bbox 1062 2530 1110 2572; x_wconf 87' lang='lat' dir='ltr'><strong>ra·</strong></span> 
     </span>
     <span class='ocr_line' id='line_1_23' title="bbox 61 2610 1110 2699; baseline -0.002 -23"><span class='ocrx_word' id='word_1_159' title='bbox 61 2611 252 2696; x_wconf 70' lang='lat' dir='ltr'><strong>tionesque</strong></span> <span class='ocrx_word' id='word_1_160' title='bbox 266 2610 370 2674; x_wconf 87' lang='lat' dir='ltr'><strong>minus</strong></span> <span class='ocrx_word' id='word_1_161' title='bbox 385 2610 417 2674; x_wconf 94' lang='lat' dir='ltr'><strong>in</strong></span> <span class='ocrx_word' id='word_1_162' title='bbox 432 2610 492 2674; x_wconf 91' lang='lat' dir='ltr'><strong>hoc</strong></span> <span class='ocrx_word' id='word_1_163' title='bbox 507 2631 576 2674; x_wconf 91' lang='lat' dir='ltr'><strong>meo</strong></span> <span class='ocrx_word' id='word_1_164' title='bbox 592 2631 689 2699; x_wconf 83' lang='lat' dir='ltr'><strong>regno</strong></span> <span class='ocrx_word' id='word_1_165' title='bbox 704 2610 772 2673; x_wconf 86' lang='lat' dir='ltr'><strong>haec</strong></span> <span class='ocrx_word' id='word_1_166' title='bbox 788 2633 808 2673; x_wconf 88' lang='lat' dir='ltr'><strong>a</strong></span> <span class='ocrx_word' id='word_1_167' title='bbox 822 2632 872 2673; x_wconf 92' lang='lat' dir='ltr'><strong>me</strong></span> <span class='ocrx_word' id='word_1_168' title='bbox 881 2610 1110 2687; x_wconf 85' lang='lat' dir='ltr'><strong>desiderentur,</strong></span> 
     </span>
     <span class='ocr_line' id='line_1_24' title="bbox 62 2712 1111 2800; baseline 0.001 -21"><span class='ocrx_word' id='word_1_169' title='bbox 62 2722 96 2780; x_wconf 88' lang='lat' dir='ltr'><strong>et</strong></span> <span class='ocrx_word' id='word_1_170' title='bbox 115 2715 223 2800; x_wconf 87' lang='lat' dir='ltr'><strong>quoad</strong></span> <span class='ocrx_word' id='word_1_171' title='bbox 243 2735 378 2799; x_wconf 85' lang='lat' dir='ltr'><strong>possem,</strong></span> <span class='ocrx_word' id='word_1_172' title='bbox 395 2713 516 2778; x_wconf 90' lang='lat' dir='ltr'><strong>muneri</strong></span> <span class='ocrx_word' id='word_1_173' title='bbox 537 2713 686 2798; x_wconf 88' lang='lat' dir='ltr'><strong>imposito</strong></span> <span class='ocrx_word' id='word_1_174' title='bbox 706 2712 931 2778; x_wconf 83' lang='lat' dir='ltr'><strong>satisfacerem.</strong></span> <span class='ocrx_word' id='word_1_175' title='bbox 980 2715 1054 2779; x_wconf 88' lang='lat' dir='ltr'><strong>Hoc</strong></span> <span class='ocrx_word' id='word_1_176' title='bbox 1074 2723 1111 2780; x_wconf 94' lang='lat' dir='ltr'><strong>ut</strong></span> 
     </span>
     <span class='ocr_line' id='line_1_25' title="bbox 60 2816 1109 2904; baseline 0 -21"><span class='ocrx_word' id='word_1_177' title='bbox 60 2817 186 2883; x_wconf 78' lang='lat' dir='ltr'><strong>facilius</strong></span> <span class='ocrx_word' id='word_1_178' title='bbox 208 2816 449 2903; x_wconf 83' lang='lat' dir='ltr'><strong>expeditiusque</strong></span> <span class='ocrx_word' id='word_1_179' title='bbox 468 2823 622 2902; x_wconf 64' lang='lat' dir='ltr'><strong>praetere</strong></span> <span class='ocrx_word' id='word_1_180' title='bbox 637 2816 767 2893; x_wconf 87' lang='lat' dir='ltr'><strong>valeam,</strong></span> <span class='ocrx_word' id='word_1_181' title='bbox 783 2838 846 2881; x_wconf 91' lang='lat' dir='ltr'><strong>non</strong></span> <span class='ocrx_word' id='word_1_182' title='bbox 869 2817 1025 2904; x_wconf 85' lang='lat' dir='ltr'><strong>ignoratis</strong></span> <span class='ocrx_word' id='word_1_183' title='bbox 1044 2841 1109 2897; x_wconf 85' lang='lat' dir='ltr'><strong>voe,</strong></span> 
     </span>
     <span class='ocr_line' id='line_1_26' title="bbox 61 2918 1111 3009; baseline -0.001 -22"><span class='ocrx_word' id='word_1_184' title='bbox 61 2928 217 3009; x_wconf 84' lang='lat' dir='ltr'><strong>quantam</strong></span> <span class='ocrx_word' id='word_1_185' title='bbox 246 2942 354 2985; x_wconf 90' lang='lat' dir='ltr'><strong>euram</strong></span> <span class='ocrx_word' id='word_1_186' title='bbox 383 2919 582 2985; x_wconf 88' lang='lat' dir='ltr'><strong>adhibuerim</strong></span> <span class='ocrx_word' id='word_1_187' title='bbox 613 2919 644 2982; x_wconf 93' lang='lat' dir='ltr'><strong>in</strong></span> <span class='ocrx_word' id='word_1_188' title='bbox 675 2918 735 2982; x_wconf 88' lang='lat' dir='ltr'><strong>illis</strong></span> <span class='ocrx_word' id='word_1_189' title='bbox 764 2920 859 2983; x_wconf 84' lang='lat' dir='ltr'><strong>rebus</strong></span> <span class='ocrx_word' id='word_1_190' title='bbox 887 2922 1111 3006; x_wconf 87' lang='lat' dir='ltr'><strong>promovendis</strong></span> 
     </span>
     <span class='ocr_line' id='line_1_27' title="bbox 60 3021 1111 3110; baseline -0.001 -19"><span class='ocrx_word' id='word_1_191' title='bbox 60 3024 261 3109; x_wconf 87' lang='lat' dir='ltr'><strong>tuendisque,</strong></span> <span class='ocrx_word' id='word_1_192' title='bbox 287 3044 358 3108; x_wconf 85' lang='lat' dir='ltr'><strong>quae</strong></span> <span class='ocrx_word' id='word_1_193' title='bbox 384 3022 457 3087; x_wconf 91' lang='lat' dir='ltr'><strong>huie</strong></span> <span class='ocrx_word' id='word_1_194' title='bbox 487 3021 615 3108; x_wconf 86' lang='lat' dir='ltr'><strong>negotio</strong></span> <span class='ocrx_word' id='word_1_195' title='bbox 644 3021 782 3086; x_wconf 85' lang='lat' dir='ltr'><strong>maxime</strong></span> <span class='ocrx_word' id='word_1_196' title='bbox 807 3023 983 3088; x_wconf 88' lang='lat' dir='ltr'><strong>conducere</strong></span> <span class='ocrx_word' id='word_1_197' title='bbox 1013 3032 1111 3110; x_wconf 89' lang='lat' dir='ltr'><strong>atque</strong></span> 
     </span>
     <span class='ocr_line' id='line_1_28' title="bbox 60 3124 1110 3212; baseline -0.001 -19"><span class='ocrx_word' id='word_1_198' title='bbox 60 3128 248 3212; x_wconf 82' lang='lat' dir='ltr'><strong>adjumento</strong></span> <span class='ocrx_word' id='word_1_199' title='bbox 270 3146 338 3189; x_wconf 84' lang='lat' dir='ltr'><strong>esse</strong></span> <span class='ocrx_word' id='word_1_200' title='bbox 360 3124 571 3197; x_wconf 89' lang='lat' dir='ltr'><strong>videbantur;</strong></span> <span class='ocrx_word' id='word_1_201' title='bbox 604 3146 673 3208; x_wconf 74' lang='lat' dir='ltr'><strong>quae</strong></span> <span class='ocrx_word' id='word_1_202' title='bbox 700 3131 813 3189; x_wconf 85' lang='lat' dir='ltr'><strong>eontra</strong></span> <span class='ocrx_word' id='word_1_203' title='bbox 839 3126 990 3210; x_wconf 91' lang='lat' dir='ltr'><strong>impedire</strong></span> <span class='ocrx_word' id='word_1_204' title='bbox 1011 3134 1110 3212; x_wconf 90' lang='lat' dir='ltr'><strong>atque</strong></span> 
     </span>
     <span class='ocr_line' id='line_1_29' title="bbox 60 3225 1110 3314; baseline 0 -20"><span class='ocrx_word' id='word_1_205' title='bbox 60 3231 174 3296; x_wconf 75' lang='lat' dir='ltr'><strong>obesse</strong></span> <span class='ocrx_word' id='word_1_206' title='bbox 191 3228 259 3293; x_wconf 87' lang='lat' dir='ltr'><strong>visa</strong></span> <span class='ocrx_word' id='word_1_207' title='bbox 281 3235 365 3305; x_wconf 90' lang='lat' dir='ltr'><strong>sunt,</strong></span> <span class='ocrx_word' id='word_1_208' title='bbox 386 3232 507 3314; x_wconf 92' lang='lat' dir='ltr'><strong>quanto</strong></span> <span class='ocrx_word' id='word_1_209' title='bbox 529 3225 635 3290; x_wconf 86' lang='lat' dir='ltr'><strong>studio</strong></span> <span class='ocrx_word' id='word_1_210' title='bbox 659 3225 769 3290; x_wconf 90' lang='lat' dir='ltr'><strong>tollere</strong></span> <span class='ocrx_word' id='word_1_211' title='bbox 792 3250 830 3291; x_wconf 88' lang='lat' dir='ltr'><strong>ae</strong></span> <span class='ocrx_word' id='word_1_212' title='bbox 849 3229 955 3293; x_wconf 87' lang='lat' dir='ltr'><strong>delere</strong></span> <span class='ocrx_word' id='word_1_213' title='bbox 976 3237 1110 3295; x_wconf 87' lang='lat' dir='ltr'><strong>conatus</strong></span> 
     </span>
     <span class='ocr_line' id='line_1_30' title="bbox 61 3328 1109 3415; baseline -0.001 -18"><span class='ocrx_word' id='word_1_214' title='bbox 61 3355 141 3412; x_wconf 80' lang='lat' dir='ltr'><strong>siun,</strong></span> <span class='ocrx_word' id='word_1_215' title='bbox 163 3331 353 3415; x_wconf 73' lang='lat' dir='ltr'><strong>assidueque</strong></span> <span class='ocrx_word' id='word_1_216' title='bbox 374 3350 480 3394; x_wconf 90' lang='lat' dir='ltr'><strong>conor.</strong></span> <span class='ocrx_word' id='word_1_217' title='bbox 531 3328 670 3393; x_wconf 77' lang='lat' dir='ltr'><strong>Abunde</strong></span> <span class='ocrx_word' id='word_1_218' title='bbox 694 3328 889 3396; x_wconf 85' lang='lat' dir='ltr'><strong>enimvobis</strong></span> <span class='ocrx_word' id='word_1_219' title='bbox 912 3331 1109 3398; x_wconf 82' lang='lat' dir='ltr'><strong>declaratum</strong></span> 
     </span>
     <span class='ocr_line' id='line_1_31' title="bbox 59 3431 1108 3519; baseline -0.003 -16"><span class='ocrx_word' id='word_1_220' title='bbox 59 3437 217 3503; x_wconf 83' lang='lat' dir='ltr'><strong>haetenus</strong></span> <span class='ocrx_word' id='word_1_221' title='bbox 230 3433 303 3511; x_wconf 85' lang='lat' dir='ltr'><strong>fuit,</strong></span> <span class='ocrx_word' id='word_1_222' title='bbox 319 3455 416 3519; x_wconf 90' lang='lat' dir='ltr'><strong>quam</strong></span> <span class='ocrx_word' id='word_1_223' title='bbox 437 3432 471 3496; x_wconf 92' lang='lat' dir='ltr'><strong>in</strong></span> <span class='ocrx_word' id='word_1_224' title='bbox 492 3433 552 3497; x_wconf 88' lang='lat' dir='ltr'><strong>hae</strong></span> <span class='ocrx_word' id='word_1_225' title='bbox 574 3438 686 3496; x_wconf 86' lang='lat' dir='ltr'><strong>nostra</strong></span> <span class='ocrx_word' id='word_1_226' title='bbox 700 3431 879 3513; x_wconf 87' lang='lat' dir='ltr'><strong>Britannia,</strong></span> <span class='ocrx_word' id='word_1_227' title='bbox 895 3434 1003 3500; x_wconf 87' lang='lat' dir='ltr'><strong>multia</strong></span> <span class='ocrx_word' id='word_1_228' title='bbox 1021 3445 1108 3501; x_wconf 90' lang='lat' dir='ltr'><strong>retro</strong></span> 
     </span>
     <span class='ocr_line' id='line_1_32' title="bbox 60 3532 1107 3621; baseline 0.001 -21"><span class='ocrx_word' id='word_1_229' title='bbox 60 3537 183 3614; x_wconf 85' lang='lat' dir='ltr'><strong>seculis,</strong></span> <span class='ocrx_word' id='word_1_230' title='bbox 199 3533 339 3621; x_wconf 86' lang='lat' dir='ltr'><strong>episcopi</strong></span> <span class='ocrx_word' id='word_1_231' title='bbox 355 3532 491 3600; x_wconf 90' lang='lat' dir='ltr'><strong>Romani</strong></span> <span class='ocrx_word' id='word_1_232' title='bbox 506 3533 554 3597; x_wconf 82' lang='lat' dir='ltr'><strong>vis</strong></span> <span class='ocrx_word' id='word_1_233' title='bbox 573 3533 694 3618; x_wconf 83' lang='lat' dir='ltr'><strong>injusta</strong></span> <span class='ocrx_word' id='word_1_234' title='bbox 708 3555 746 3598; x_wconf 84' lang='lat' dir='ltr'><strong>ac</strong></span> <span class='ocrx_word' id='word_1_235' title='bbox 769 3557 832 3599; x_wconf 91' lang='lat' dir='ltr'><strong>non</strong></span> <span class='ocrx_word' id='word_1_236' title='bbox 853 3536 985 3602; x_wconf 85' lang='lat' dir='ltr'><strong>ferenda</strong></span> <span class='ocrx_word' id='word_1_237' title='bbox 1001 3559 1107 3602; x_wconf 84' lang='lat' dir='ltr'><strong>sacro·</strong></span> 
     </span>
     <span class='ocr_line' id='line_1_33' title="bbox 59 3636 1107 3725; baseline -0.004 -18"><span class='ocrx_word' id='word_1_238' title='bbox 59 3647 172 3707; x_wconf 84' lang='lat' dir='ltr'><strong>saneto</strong></span> <span class='ocrx_word' id='word_1_239' title='bbox 194 3637 311 3704; x_wconf 85' lang='lat' dir='ltr'><strong>Divino</strong></span> <span class='ocrx_word' id='word_1_240' title='bbox 327 3637 456 3701; x_wconf 89' lang='lat' dir='ltr'><strong>Numini</strong></span> <span class='ocrx_word' id='word_1_241' title='bbox 480 3636 607 3702; x_wconf 89' lang='lat' dir='ltr'><strong>inimica</strong></span> <span class='ocrx_word' id='word_1_242' title='bbox 628 3636 709 3711; x_wconf 86' lang='lat' dir='ltr'><strong>luit;</strong></span> <span class='ocrx_word' id='word_1_243' title='bbox 743 3647 939 3725; x_wconf 87' lang='lat' dir='ltr'><strong>quantopere</strong></span> <span class='ocrx_word' id='word_1_244' title='bbox 964 3639 1107 3724; x_wconf 88' lang='lat' dir='ltr'><strong>religioni</strong></span> 
     </span>
     <span class='ocr_line' id='line_1_34' title="bbox 61 3740 1105 3825; baseline -0.004 -14"><span class='ocrx_word' id='word_1_245' title='bbox 61 3744 253 3811; x_wconf 78' lang='lat' dir='ltr'><strong>Ohriatianae</strong></span> <span class='ocrx_word' id='word_1_246' title='bbox 282 3762 365 3806; x_wconf 85' lang='lat' dir='ltr'><strong>verae</strong></span> <span class='ocrx_word' id='word_1_247' title='bbox 395 3740 548 3805; x_wconf 76' lang='lat' dir='ltr'><strong>doctrinar</strong></span> <span class='ocrx_word' id='word_1_248' title='bbox 586 3740 801 3825; x_wconf 67' lang='lat' dir='ltr'><strong>propagandae</strong></span> <span class='ocrx_word' id='word_1_249' title='bbox 830 3742 1001 3807; x_wconf 86' lang='lat' dir='ltr'><strong>adversata</strong></span> <span class='ocrx_word' id='word_1_250' title='bbox 1030 3751 1105 3818; x_wconf 76' lang='lat' dir='ltr'><strong>est3</strong></span> 
     </span>
     <span class='ocr_line' id='line_1_35' title="bbox 60 3843 1107 3935; baseline -0.003 -21"><span class='ocrx_word' id='word_1_251' title='bbox 60 3854 217 3935; x_wconf 86' lang='lat' dir='ltr'><strong>quantum</strong></span> <span class='ocrx_word' id='word_1_252' title='bbox 232 3845 327 3930; x_wconf 89' lang='lat' dir='ltr'><strong>hujus</strong></span> <span class='ocrx_word' id='word_1_253' title='bbox 341 3843 520 3929; x_wconf 86' lang='lat' dir='ltr'><strong>reipublioae</strong></span> <span class='ocrx_word' id='word_1_254' title='bbox 540 3865 651 3929; x_wconf 87' lang='lat' dir='ltr'><strong>paoem</strong></span> <span class='ocrx_word' id='word_1_255' title='bbox 666 3865 703 3908; x_wconf 86' lang='lat' dir='ltr'><strong>ac</strong></span> <span class='ocrx_word' id='word_1_256' title='bbox 718 3843 982 3927; x_wconf 90' lang='lat' dir='ltr'><strong>tranquillitatem</strong></span> <span class='ocrx_word' id='word_1_257' title='bbox 1001 3848 1107 3931; x_wconf 75' lang='lat' dir='ltr'><strong>saepia</strong></span> 
     </span>
     <span class='ocr_line' id='line_1_36' title="bbox 60 3946 1107 4032; baseline -0.003 -17"><span class='ocrx_word' id='word_1_258' title='bbox 60 3951 136 4016; x_wconf 86' lang='lat' dir='ltr'><strong>sime</strong></span> <span class='ocrx_word' id='word_1_259' title='bbox 159 3947 405 4024; x_wconf 81' lang='lat' dir='ltr'><strong>interturbavit3</strong></span> <span class='ocrx_word' id='word_1_260' title='bbox 436 3953 693 4032; x_wconf 82' lang='lat' dir='ltr'><strong>potestatemque</strong></span> <span class='ocrx_word' id='word_1_261' title='bbox 718 3946 838 4032; x_wconf 89' lang='lat' dir='ltr'><strong>regiam</strong></span> <span class='ocrx_word' id='word_1_262' title='bbox 861 3946 1014 4012; x_wconf 85' lang='lat' dir='ltr'><strong>divinitus</strong></span> <span class='ocrx_word' id='word_1_263' title='bbox 1035 3972 1107 4015; x_wconf 88' lang='lat' dir='ltr'><strong>eon-</strong></span> 
     </span>
     <span class='ocr_line' id='line_1_37' title="bbox 60 4048 1107 4126; baseline -0.002 -7"><span class='ocrx_word' id='word_1_264' title='bbox 60 4055 209 4119; x_wconf 81' lang='lat' dir='ltr'><strong>stitutam</strong></span> <span class='ocrx_word' id='word_1_265' title='bbox 239 4050 470 4126; x_wconf 85' lang='lat' dir='ltr'><strong>labefactando,</strong></span> <span class='ocrx_word' id='word_1_266' title='bbox 500 4049 644 4114; x_wconf 83' lang='lat' dir='ltr'><strong>debitam</strong></span> <span class='ocrx_word' id='word_1_267' title='bbox 675 4048 815 4112; x_wconf 90' lang='lat' dir='ltr'><strong>omnium</strong></span> <span class='ocrx_word' id='word_1_268' title='bbox 844 4049 1058 4117; x_wconf 83' lang='lat' dir='ltr'><strong>obedientiam</strong></span> <span class='ocrx_word' id='word_1_269' title='bbox 1087 4077 1107 4117; x_wconf 89' lang='lat' dir='ltr'><strong>a</strong></span> 
     </span>
     <span class='ocr_line' id='line_1_38' title="bbox 60 4141 1106 4241; baseline -0.003 -18"><span class='ocrx_word' id='word_1_270' title='bbox 60 4141 131 4224; x_wconf 76' lang='lat' dir='ltr'><strong>uero</strong></span> <span class='ocrx_word' id='word_1_271' title='bbox 153 4179 193 4222; x_wconf 82' lang='lat' dir='ltr'><strong>ac</strong></span> <span class='ocrx_word' id='word_1_272' title='bbox 211 4157 302 4241; x_wconf 86' lang='lat' dir='ltr'><strong>juato</strong></span> <span class='ocrx_word' id='word_1_273' title='bbox 324 4152 473 4239; x_wconf 85' lang='lat' dir='ltr'><strong>principis</strong></span> <span class='ocrx_word' id='word_1_274' title='bbox 495 4152 544 4216; x_wconf 86' lang='lat' dir='ltr'><strong>sui</strong></span> <span class='ocrx_word' id='word_1_275' title='bbox 565 4151 697 4237; x_wconf 87' lang='lat' dir='ltr'><strong>imperio</strong></span> <span class='ocrx_word' id='word_1_276' title='bbox 716 4160 828 4215; x_wconf 88' lang='lat' dir='ltr'><strong>eontra</strong></span> <span class='ocrx_word' id='word_1_277' title='bbox 847 4174 939 4216; x_wconf 91' lang='lat' dir='ltr'><strong>omne</strong></span> <span class='ocrx_word' id='word_1_278' title='bbox 958 4155 1012 4237; x_wconf 89' lang='lat' dir='ltr'><strong>jus</strong></span> <span class='ocrx_word' id='word_1_279' title='bbox 1030 4156 1106 4220; x_wconf 90' lang='lat' dir='ltr'><strong>divi-</strong></span> 
     </span>
     <span class='ocr_line' id='line_1_39' title="bbox 60 4254 1106 4342; baseline -0.004 -16"><span class='ocrx_word' id='word_1_280' title='bbox 60 4284 132 4326; x_wconf 90' lang='lat' dir='ltr'><strong>num</strong></span> <span class='ocrx_word' id='word_1_281' title='bbox 152 4266 188 4326; x_wconf 94' lang='lat' dir='ltr'><strong>et</strong></span> <span class='ocrx_word' id='word_1_282' title='bbox 208 4258 383 4322; x_wconf 89' lang='lat' dir='ltr'><strong>humanum</strong></span> <span class='ocrx_word' id='word_1_283' title='bbox 403 4256 444 4321; x_wconf 82' lang='lat' dir='ltr'><strong>ad</strong></span> <span class='ocrx_word' id='word_1_284' title='bbox 463 4278 497 4320; x_wconf 89' lang='lat' dir='ltr'><strong>se</strong></span> <span class='ocrx_word' id='word_1_285' title='bbox 513 4254 687 4319; x_wconf 84' lang='lat' dir='ltr'><strong>transferre</strong></span> <span class='ocrx_word' id='word_1_286' title='bbox 701 4276 797 4318; x_wconf 87' lang='lat' dir='ltr'><strong>ausus</strong></span> <span class='ocrx_word' id='word_1_287' title='bbox 816 4263 873 4319; x_wconf 80' lang='lat' dir='ltr'><strong>est.</strong></span> <span class='ocrx_word' id='word_1_288' title='bbox 924 4256 1030 4341; x_wconf 87' lang='lat' dir='ltr'><strong>Hujus</strong></span> <span class='ocrx_word' id='word_1_289' title='bbox 1052 4280 1106 4342; x_wconf 80' lang='lat' dir='ltr'><strong>po</strong></span> 
     </span>
    </p>
   </div>
   <div class='ocr_carea' id='block_1_3' title="bbox 0 0 1350 4800">
    <p class='ocr_par' dir='ltr' id='par_1_5' title="bbox 0 0 1350 4800">
     <span class='ocr_line' id='line_1_40' title="bbox 0 0 1350 4800; baseline 0 0"><span class='ocrx_word' id='word_1_290' title='bbox 0 0 1350 4800; x_wconf 95' lang='lat' dir='ltr'><strong> </strong></span> 
     </span>
    </p>
   </div>
  </div>
 </body>
</html>
