2692 4800
496 304 543 353 nn
569 304 912 357 APPELLATIONIBUS.
1127 294 1200 367 317

154 571 233 655 (lap.
245 586 298 656 55.
321 571 365 634 In
386 571 586 657 appellatione
604 594 626 635 a
647 572 804 655 definitivo
822 593 988 658 potamon
1009 574 1203 659 modestoque

366 695 424 758 per
438 674 694 739 interlocutoriam
704 673 844 752 illatum,
858 697 879 739 a
886 674 994 759 judice

437 776 652 863 appellationis
665 779 801 842 encomii
808 785 916 864 potest.

203 912 296 984 Cum
315 940 336 986 a
352 919 529 988 sententia
551 916 734 988 definitiva
751 916 967 1011 appellatum
985 915 1042 986 vel
1060 917 1106 987 de
1124 918 1202 989 nul-

153 1029 255 1101 litate
270 1032 489 1124 querelatum
509 1033 625 1115 fucrit,
641 1055 831 1125 gravamen
850 1034 1094 1125 quodcunque,
1106 1034 1202 1125 quod

152 1169 216 1239 per
231 1148 562 1240 interloquutoriam
587 1148 727 1220 illatum
746 1150 823 1232 fuit,
841 1149 938 1220 licito
963 1172 1027 1241 per
1047 1149 1201 1244 appella·

152 1263 259 1333 tionis
268 1264 428 1356 judicem
447 1265 626 1335 emendari
644 1266 764 1358 possit.
1068 1264 1075 1281 '

152 1494 233 1579 Cap.
242 1495 294 1576 56.
321 1492 489 1579 Appellans
503 1515 571 1557 anm
589 1493 701 1558 denen
721 1492 964 1579 afflationem,
981 1494 1201 1560 condemnatur

380 1596 558 1660 adonsareo
568 1597 764 1683 prosequenti
778 1596 812 1659 in
825 1597 970 1681 apponas.

200 1733 292 1806 Cum
319 1737 397 1828 quis
424 1735 697 1829 appellationem
725 1737 969 1828 interpositam
997 1737 1138 1820 desem,
1162 1747 1200 1807 et

150 1851 367 1923 adversarius
392 1874 470 1922 eam
497 1853 730 1945 prosequitur,
752 1853 911 1922 desertor
933 1852 965 1922 ei
989 1853 1199 1923 condemna·

150 1967 247 2038 bitur
263 1969 299 2038 in
318 1969 491 2062 expensis.

182 2197 260 2283 Gap.
272 2216 326 2282 57.
353 2199 414 2279 Qui
428 2220 487 2262 non
501 2199 550 2263 sai
564 2198 737 2263 adversarii
751 2198 950 2284 appellationi
963 2198 1072 2282 (ἔφη,
1088 2197 1166 2261 sciat

429 2323 494 2367 sna
508 2324 622 2388 quoquo
635 2324 695 2366 non
710 2301 917 2385 deserendam.

200 2439 238 2510 Si
267 2441 344 2532 quis
368 2439 597 2533 appellationi
624 2441 840 2533 interposita
867 2463 888 2510 a
911 2463 974 2511 suo
1000 2439 1198 2510 adversario

149 2580 220 2627 non
250 2556 432 2639 detulerit,
461 2580 526 2628 nec
553 2580 635 2639 suec,
665 2558 693 2627 si
724 2567 848 2650 postea
874 2559 911 2626 in
941 2559 1065 2628 eadem
1094 2577 1197 2626 causa

149 2673 400 2765 interponatur,
419 2674 497 2768 cogi
515 2674 647 2766 poterit
664 2673 881 2745 adversarius
899 2684 940 2744 ut
959 2675 1104 2745 deferat.

249 2900 326 2985 Cap.
339 2902 390 2985 58.
415 2902 491 2965 Post
506 2900 736 2986 appellationem
751 2923 810 2965 non
823 2912 865 2966 ast
878 2901 1096 2965 mentienda

535 3003 808 3068 acaammnniaatio.

198 3139 237 3208 si
256 3139 445 3232 appellatio
462 3141 569 3211 fuerit
589 3142 809 3235 interposita,
827 3141 1031 3232 priusquam
1053 3163 1196 3211 excom-

147 3259 341 3327 municatio
367 3259 413 3328 sit
440 3260 663 3341 denunciata,
691 3259 1000 3329 denunciationem
1030 3259 1105 3350 ejus
1130 3258 1196 3327 im-

147 3375 257 3466 petiit.

221 3582 298 3666 Gap.
310 3601 362 3667 59.
385 3581 664 3647 Encomnaanicatio
671 3590 743 3667 post
756 3581 984 3668 appellationem
999 3580 1063 3645 lata
1077 3591 1119 3645 cst

589 3684 740 3749 inualida.

196 3824 244 3894 Et
267 3827 358 3896 sicut
381 3850 452 3896 non
477 3835 576 3895 tenet
599 3826 919 3896 excommunicatio
940 3822 1012 3893 lata
1035 3832 1114 3915 post
1135 3847 1195 3914 ap-

145 3940 371 4033 pellationem
392 3941 608 4034 judicialem,
636 3941 687 4010 ita
716 3963 831 4032 neque
857 3936 954 4033 post¹
988 3937 1195 4031 appellatio-

145 4080 226 4126 nem
253 4059 564 4151 extrajudicialem.
617 4056 761 4127 Timens
789 4078 873 4148 crgo
899 4055 1028 4146 injuste
1052 4077 1193 4125 excom·

144 4174 314 4244 municari
362 4175 516 4268 appellat
564 4183 666 4244 extra
703 4173 889 4264 judicium,
931 4181 968 4241 et
1011 4170 1193 4264 suspendit

588 4311 596 4355 Ι
615 4322 679 4388 post
694 4332 746 4369 ont.
