2692 4800
143 253 173 311 xl
455 251 616 310 TABULA
636 253 886 313 TITULORUM.

162 409 191 466 6.
213 405 294 465 Ordo
309 405 464 463 servandus
478 406 507 463 in
521 403 664 481 parochiis
679 407 794 466 urbanis
796 451 1093 469 ...............
1113 429 1141 485 p.
1151 427 1191 485 90

164 520 192 583 7.
213 506 257 562 De
271 522 351 561 coens
365 501 484 560 Domini
498 504 636 562 sumenda
643 549 1018 566 ...................
1028 492 1037 565 ’.
1053 551 1080 565 ..
1095 552 1122 567 ..
1153 526 1190 584 91

164 605 193 662 8.
215 601 375 660 Deficiente
389 620 470 659 coena
483 601 598 659 Domini
613 602 681 678 quid
694 602 855 661 faciendum
869 602 907 661 sit
931 648 1123 665 ..........
1154 623 1192 683 9²

162 719 191 779 9.
212 699 411 757 Pomeridiano
424 708 553 775 tempore
567 699 635 775 quid
648 699 808 758 faciendum
822 701 860 758 sit
890 746 916 761 ..
931 745 999 762 ....
1014 747 1041 762 ..
1056 746 1083 762 ..
1098 747 1124 763 ..
1155 703 1193 760 ib.

146 816 191 856 10.
213 797 346 854 Precibus
360 796 528 871 vespertinis
542 797 615 855 ratio
629 797 812 855 collationum
826 806 856 855 et
869 796 1018 874 disciplina
1034 817 1132 856 succe·

245 894 317 951 dunt
321 937 1123 955 ........................................
1155 911 1192 970 93

130 1011 193 1071 ιιι.
215 990 481 1050 Excommunicntio
496 991 639 1066 quomodo
653 990 691 1047 sit
704 991 865 1049 exercenda
891 1037 1123 1053 ............
1154 1010 1195 1068 94

148 1109 194 1148 12.
216 1088 407 1146 Ecclesiarum
422 1088 628 1146 rusticanarum
641 1088 713 1145 ritus
724 1133 1121 1150 ....................
1153 1089 1193 1148 ib.

148 1205 194 1262 13.
216 1187 251 1244 In
265 1186 376 1245 sacellis
390 1205 471 1244 sacra
484 1205 542 1244 non
555 1193 623 1243 sunt
635 1186 785 1243 tractanda
812 1231 1125 1248 ................
1156 1187 1195 1245 ib·

116 1267 124 1285 ’
149 1304 195 1358 14.
218 1284 254 1341 Iu
266 1283 384 1359 privatis
399 1283 529 1341 domibus
544 1281 706 1341 communio
720 1300 779 1339 nou
793 1283 982 1341 celebrabitur
1013 1327 1041 1344 ..
1056 1329 1082 1343 ..
1097 1330 1123 1343 ..
1155 1302 1175 1360 9
1177 1296 1194 1361 5

105 1436 107 1441 .
149 1399 196 1456 ¹5·
218 1380 296 1450 Quid
309 1381 338 1437 iu
352 1380 468 1458 aegrotis
482 1389 511 1439 ct
525 1379 638 1437 familiis
652 1378 789 1437 nobilium
803 1380 895 1438 teneri
908 1380 1041 1440 debeat..
1056 1424 1083 1440 ..
1098 1425 1124 1441 ..
1154 1380 1194 1438 rb.

150 1477 194 1535 16.
215 1477 287 1547 Quse
301 1477 490 1536 communiter
504 1478 533 1535 in
547 1476 678 1534 omuibus
693 1476 820 1540 ecclesiis
834 1476 1011 1534 observanda
1025 1483 1124 1536 sunt..
1155 1488 1193 1553 95

199 1695 252 1751 DE
270 1695 456 1752 uccnusls
474 1696 523 1752 ET
540 1695 743 1752 MINISTRIS
761 1695 863 1763 ustio,
882 1695 1144 1758 ILLORUMQUE
1187 1658 1196 1672 ι

583 1789 755 1846 omens,

170 1932 195 1971 ι.
217 1913 262 1994 Dc
275 1912 386 1971 edituis
399 1953 1105 1974 ...................................
1156 1913 1197 1989 96

168 2027 196 2068 a.
216 2010 261 2070 De
274 2011 428 2069 oeconomis
442 2011 501 2070 sire
515 2011 659 2088 gurdionis
672 2012 854 2071 ecclesiarum
867 2019 898 2069 et
911 2009 1079 2068 sacellorum
1094 2053 1102 2068 .
1154 2028 1193 2088 97

167 2125 197 2182 3.
217 2108 262 2166 De
276 2107 403 2166 diaconis
406 2151 1107 2170 ...................................
1157 2126 1198 2185 99

167 2222 198 2279 4.
221 2206 264 2263 De
278 2206 451 2282 preshyteris
465 2250 977 2267 .........................
982 2268 985 2275 ,
993 2250 1104 2265 ......
1156 2205 1195 2262 rb.

168 2315 196 2378 5.
218 2303 261 2360 De
275 2302 526 2378 archipresbyteris
540 2304 599 2361 sive
614 2303 729 2361 decanis
743 2303 883 2360 ruralibus
914 2348 1105 2363 ..........
1138 2320 1196 2360 roo
1231 2340 1235 2345 -

168 2399 197 2456 6.
218 2399 263 2456 De
277 2398 482 2456 archidiaconis
505 2444 1106 2461 ..............................
1140 2418 1193 2458 ιοι

170 2512 198 2572 7.
221 2496 267 2553 De
281 2495 408 2553 ecclesiis
422 2496 631 2555 cathedralibus
666 2541 1102 2557 ......................
1141 2515 1195 2555 roa

170 2593 197 2650 8.
220 2592 264 2650 De
278 2592 393 2650 decanis
425 2638 1105 2655 ..................................
1156 2595 1197 2652 ib.

168 2709 198 2767 9.
220 2690 264 2747 Dc
278 2689 479 2764 praebendsriis
486 2735 1104 2751 ...............................
1142 2710 1196 2768 103

152 2805 196 2844 ιο.
219 2788 263 2844 De
277 2787 474 2862 cpiscoporum
488 2789 580 2863 gradu
594 2807 627 2845 ac
640 2788 780 2864 dignitate
792 2788 823 2844 in
838 2788 965 2846 Ecclesia
1001 2833 1108 2848 ......
1160 2788 1198 2846 ib.

152 2902 199 2941 11.
222 2885 265 2942 De
280 2885 442 2942 obedientia
455 2885 595 2961 episcopis
609 2886 770 2944 exhibenda
794 2930 1106 2946 ................
1142 2903 1199 2957 104

154 3001 198 3040 sn.
222 2983 268 3041 Dc
283 2983 366 3040 variis
381 2991 410 3041 et
424 2984 625 3060 multiplicibus
639 2985 763 3061 episcopi
777 2985 940 3042 muneribus
958 3029 1106 3044 ........
1158 2986 1197 3044 ib.

153 3099 165 3138 ι
170 3098 199 3154 3.
221 3082 265 3139 De
279 3081 386 3138 familis
400 3082 523 3158 episcopi
548 3127 1107 3142 ............................
1141 3099 1198 3160 ¹05

153 3195 199 3249 14,
220 3178 265 3235 De
279 3177 406 3253 collegiis
420 3180 616 3254 episcoporum
630 3199 704 3237 curse
718 3180 748 3236 iu
761 3179 907 3237 academie
916 3179 1106 3241 commissis..
1143 3180 1200 3238 106

154 3295 165 3333 ι
171 3289 198 3353 5.
220 3278 263 3334 De
278 3276 431 3334 residentia
444 3278 641 3353 episcoporum
671 3323 1106 3339 ......................
1141 3293 1197 3353 107

154 3376 200 3433 16.
222 3374 269 3432 De
284 3375 495 3450 coadjutoribus
510 3376 610 3434 dandis
632 3421 1103 3437 ........................
1159 3376 1200 3433 ib.

154 3490 201 3549 17.
224 3472 270 3530 De
284 3472 503 3549 archiepiscopis
508 3518 1106 3534 ..............................
1144 3472 1200 3531 108

154 3571 200 3628 18.
223 3571 267 3627 De
281 3570 397 3645 synodis
426 3616 1006 3632 .............................
1008 3596 1020 3617 ·
1018 3616 1108 3632 .....
1142 3589 1201 3647 109

156 3687 201 3747 19.
224 3668 267 3725 De
281 3666 391 3743 synodo
405 3669 554 3744 cujuslibet
568 3669 692 3745 episcopi
706 3669 737 3726 iu
750 3688 802 3727 sua
815 3668 929 3727 dioecesi
961 3713 1109 3730 ........
1160 3669 1201 3728 rb.

71 3784 76 3795 ·
152 3783 201 3822 20.
225 3764 271 3822 De
285 3772 414 3840 tempore
428 3769 533 3826 etloco
547 3768 649 3844 synodi
664 3767 831 3844 episcopalis
836 3811 1107 3827 ..............
1158 3767 1201 3827 ib.

153 3881 201 3920 αι,
224 3862 376 3920 Deforme
388 3865 525 3924 hubendae
540 3866 642 3942 synodi
673 3909 1107 3926 ......................
1142 3883 1200 3923 ιιο

154 3978 201 4018 22.
223 3961 269 4017 De
283 3961 368 4018 rebus
381 3963 411 4019 in
428 3965 537 4039 synodo
551 3963 704 4039 episcopali
717 3962 872 4020 trsctsndis
877 4006 1105 4023 ............
1143 3981 1196 4020 ιιι

155 4076 170 4116 n
174 4077 200 4135 3.
222 4058 268 4116 De
281 4060 391 4134 syuodo
406 4061 600 4120 concludendo
633 4104 1107 4121 ........................
1159 4060 1198 4119 ib.
