2692 4800
562 312 610 362 na
636 310 793 362 enorme,
1125 293 1195 361 128

147 461 256 560 gulis¹
301 464 511 558 prediorum
554 464 749 535 eommodis
792 473 830 534 et
872 465 1197 557 opportunitatibus

148 583 456 678 percipiendarum
485 582 530 651 ad
562 582 738 653 rationem
769 591 806 651 et
832 582 982 652 formam
1008 583 1045 651 in
1072 582 1197 675 parlia-

147 707 272 771 mento
303 698 551 791 prescriptam,
583 698 677 790 quod
712 720 805 767 anno
835 698 992 769 secundo
1022 707 1060 769 et
1089 699 1196 769 tertio

147 815 248 909 regni
270 815 383 885 nostri
401 813 622 885 celebratum
639 822 705 895 est,
722 812 951 884 determinari
969 811 1143 896 volumus,
1160 823 1198 883 et

148 931 276 1002 iisdem
296 930 414 1001 modis
431 939 469 1002 et
486 930 599 1023 poenis
622 930 825 1022 procedere,
844 952 920 1021 quse
941 929 1089 1001 delinita
1114 938 1197 1001 sunt

148 1049 183 1118 in
200 1047 377 1118 nominati
397 1044 621 1139 parliamenti
639 1045 903 1129 tertiodecimo
920 1045 1046 1137 capite.
1089 1044 1196 1128 Quod

147 1163 373 1257 parliamenti
395 1162 591 1243 decretum,
608 1170 646 1233 et
669 1162 746 1254 ejus
768 1160 907 1255 singula
928 1162 1097 1232 verbane
1119 1184 1197 1232 sen·

148 1283 271 1352 tentiae
319 1288 527 1373 presentem
570 1279 613 1349 ad
658 1277 937 1348 concludendam
980 1277 1195 1348 decimarum

148 1419 290 1468 oanmm
316 1397 570 1467 authoritatem
596 1395 734 1466 firmam
760 1403 798 1464 et
823 1415 963 1487 prorsus
993 1391 1196 1464 inviolatam

148 1513 342 1596 habebunt,
364 1534 435 1581 non
458 1511 576 1580 minus
598 1533 704 1603 quam
732 1512 761 1579 si
787 1509 936 1581 fuissent
964 1508 1033 1579 huo
1058 1508 1196 1594 infusa;

147 1630 213 1699 nisi
241 1629 335 1698 forte
362 1628 409 1698 sit
439 1629 474 1697 in
502 1626 572 1697 illis
598 1626 731 1719 aliquid
762 1626 972 1717 hujusmodi,
991 1626 1084 1717 quod
1115 1648 1197 1696 cum

148 1745 379 1837 praesentibus
412 1743 467 1812 his
501 1742 640 1837 legibus
673 1744 802 1813 nostris
836 1741 1023 1813 manifeste
1050 1751 1196 1836 pugnet.

148 1857 287 1932 Verum
313 1859 376 1931 illa
402 1860 624 1953 parliamenti
642 1859 785 1930 decreta
802 1859 970 1951 quoniam
995 1880 1118 1929 omnes
1134 1859 1198 1930 de-

147 1977 321 2047 cimarum
338 1976 699 2069 representandarum
717 1974 885 2046 formulas
902 1976 938 2044 in
956 1997 994 2045 se
1011 1998 1081 2045 non
1101 1997 1198 2045 corn-

146 2092 385 2185 prehendunt,
403 2101 441 2162 et
464 2089 585 2161 multae
602 2092 843 2162 dubitationes
865 2091 901 2159 in
925 2091 1016 2160 hano
1038 2090 1198 2182 quotidie

146 2231 289 2280 eausam
303 2208 519 2280 decimarum
531 2209 705 2288 incidunt,
717 2207 762 2279 de
776 2208 903 2299 quibus
916 2209 952 2276 in
964 2206 1198 2299 parliamento

146 2325 239 2396 nihil
269 2325 546 2396 determinatum
576 2325 655 2406 fuit,
681 2324 725 2394 ad
752 2323 960 2395 minuendas
987 2325 1197 2414 quaestiones

147 2443 216 2513 ista
232 2442 432 2512 curavimus
449 2442 573 2523 intexi,
591 2463 670 2533 quae
686 2449 769 2510 sunt
784 2441 908 2511 ordine
925 2450 1195 2532 consequutura.

172 2665 251 2752 Cap.
267 2686 298 2751 3.
322 2664 523 2730 Animalium
536 2664 657 2729 ὀοοὶηια
671 2686 776 2731 annuo
791 2664 935 2749 quomodo
940 2664 1036 2748 pam
1048 2664 1168 2729 surus-i
1203 2671 1245 2737 59

518 2770 667 2834 misnam
680 2768 824 2835 matur.

197 2908 236 2980 Si
254 2911 419 3001 cuiquam
437 2909 646 2980 obvenerint
666 2918 807 2979 tantum
824 2932 887 2979 sex
905 2906 1017 2989 vituli,
1036 2908 1091 2979 vel
1110 2930 1195 3000 pau·

147 3028 260 3099 eiures
276 3049 350 3109 sex,
366 3046 430 3119 pro
446 3024 593 3121 singulis
609 3025 730 3096 vitulis
747 3026 836 3096 duos
852 3025 1014 3096 denarios
1030 3033 1192 3117 respectu

147 3144 295 3216 decimae
323 3144 484 3214 ministro
515 3144 668 3236 pendat:
705 3143 733 3213 si
768 3152 904 3236 septem
935 3150 1050 3225 erunt,
1081 3143 1192 3214 unuin

146 3261 309 3332 ministro
326 3260 534 3355 segregabit,
545 3270 583 3330 et
600 3260 762 3332 minister
773 3260 924 3331 vicissim
942 3282 1004 3330 sex
1023 3259 1192 3339 denarios,

147 3376 361 3472 aequalitatis
385 3378 644 3449 constituendae
670 3399 784 3460 causa,
802 3399 960 3470 personae
985 3376 1194 3447 refundere

147 3518 219 3588 qua
235 3494 387 3565 vitulum
409 3495 556 3588 accepit.
609 3493 747 3564 Eodem
767 3495 874 3565 modo
891 3516 973 3564 eum
989 3502 1072 3564 octo
1091 3492 1193 3564 vituli

146 3611 291 3693 fuerint,
310 3633 401 3681 unus
415 3612 593 3682 eximetur
609 3611 791 3680 ministro:
818 3610 879 3680 sed
898 3608 959 3680 ille
976 3631 1094 3679 rursus
1110 3631 1193 3679 curn

146 3735 300 3819 quatuor
316 3728 467 3798 denariis
484 3727 739 3798 exuberantem
755 3726 927 3796 dammam
941 3724 1193 3817 compensabit.

146 3845 187 3916 Si
211 3867 294 3915 vero
317 3867 445 3916 novem
469 3843 571 3914 vituli
598 3844 826 3936 reperiuntur,
846 3842 997 3913 vitulum
1021 3842 1194 3935 accipiens

147 3962 237 4032 dnos
259 3969 398 4032 tanturn
421 3961 581 4032 denarios
606 3960 769 4031 minister
793 3959 987 4031 exhibebit.
1038 3958 1193 4043 Quodsi

146 4077 364 4148 deeimarum
383 4075 484 4146 malit
502 4075 644 4170 plenum
664 4075 874 4146 beneficium
892 4074 1054 4145 minister
1067 4098 1194 4167 expec-

146 4203 233 4276 tare,
245 4215 312 4263 nec
329 4215 394 4263 suo
403 4193 485 4285 jure
500 4193 585 4265 velit
602 4193 666 4274 uti,
682 4191 794 4262 donee
808 4189 988 4284 legitimus
1005 4190 1128 4260 decem
1144 4190 1194 4258 ri-

145 4309 305 4381 tulorum
323 4331 489 4379 numerus
506 4307 670 4400 expletus
687 4306 742 4388 sit,
760 4305 987 4376 commodum
1006 4303 1193 4386 dilationis,

416 4481 417 4485 ,
532 4440 539 4480 ¹
555 4457 633 4507 etex
649 4447 779 4525 singulis.
