2692 4800
453 316 616 383 tanum
633 315 886 382 HTULORUM,
1148 323 1198 380 lvii

147 499 196 539 22.
219 479 253 538 Si
270 480 452 556 exceptiones
472 480 610 558 legitimae
631 497 696 538 cum
720 478 935 556 probationibus
956 479 1111 537 offerantur

243 578 344 654 judici,
359 579 384 636 si
403 578 517 654 rejectas
535 579 649 641 fuerint.
663 587 693 637 et
706 578 783 635 licite
797 576 963 654 appellatur,
978 585 1008 635 et
1024 578 1110 653 justi·

245 677 1191 753 1022222330112210...........................32305

146 792 195 849 23.
215 774 378 832 Justifioata
391 775 588 850 appellatione,
603 793 662 833 non
676 783 721 832 est
735 774 855 849 probata
869 773 906 832 ob
920 773 950 830 id
964 775 1107 850 exceptio.
1133 774 1194 850 306

146 889 197 944 24.
219 871 268 930 Ob
282 890 353 948 quas
365 871 435 929 alias
450 871 569 948 injurias
583 880 613 930 et
626 872 819 930 cavillationes
829 871 934 948 judicis
947 871 1015 930 licet
1029 874 1065 930 ab
1078 892 1113 930 οο

246 970 387 1047 appellare
400 1013 1098 1031 ...................................
1156 971 1193 1029 112.

148 1085 195 1146 25.
218 1068 372 1139 Quomodo
394 1069 424 1125 in
441 1068 560 1126 diversis
580 1067 816 1143 appellationibus
836 1086 986 1143 processus
1007 1069 1111 1144 justifi-

245 1173 327 1223 oetur
339 1208 1100 1226 ......................................
1152 1165 1190 1223 112.

146 1263 197 1321 26.
218 1262 264 1320 Ad
278 1263 346 1339 quid
359 1263 482 1321 inventae
497 1262 554 1320 sint
568 1260 771 1338 appellationes
786 1305 1098 1322 ................
1132 1276 1190 1338 307

149 1376 197 1434 27.
220 1360 256 1418 122
266 1379 352 1419 causa
365 1359 560 1436 appellationis
574 1359 673 1434 aliquae
686 1358 868 1433 exceptiones
882 1357 972 1433 repeti
984 1366 1113 1432 possunt,

247 1475 311 1532 qum
324 1456 459 1532 inprima
471 1456 605 1513 instantia
618 1454 713 1513 locum
727 1473 785 1512 non
798 1455 961 1513 habuerunt
969 1497 1099 1514 .......
1151 1454 1190 1512 ib.

147 1555 197 1614 28.
218 1555 332 1631 lapsus
346 1554 460 1613 termini
474 1554 641 1630 quandoque
654 1572 713 1611 non
727 1554 810 1611 obest
831 1597 1102 1613 ..............
1155 1554 1193 1610 112.

146 1673 195 1730 ²9·
218 1654 370 1712 Terminus
385 1655 421 1711 ad
435 1653 632 1730 appellandum
646 1661 690 1710 est
704 1652 802 1709 decem
816 1651 926 1709 dierum
955 1696 1103 1710 ........
1136 1651 1194 1725 308

144 1771 193 1825 3ο.
223 1751 270 1810 110
285 1751 415 1810 terminis
429 1751 466 1809 ad
479 1751 702 1827 prosequendam
721 1758 750 1807 et
767 1749 804 1807 ad
824 1747 978 1807 finiendam
999 1767 1112 1805 causam

244 1850 440 1926 appellationis
462 1891 1101 1909 ................................
1153 1846 1190 1902 112.

151 1965 200 2021 32.
222 1946 297 2004 Lata
317 1947 459 2004 sententia
473 1945 617 2002 definitiva
629 1963 688 2001 non
703 1952 747 2002 est
761 1952 827 2002 ante
842 1945 940 2002 decem
955 1944 1016 2001 dies
1037 1961 1116 1999 man-

249 2042 345 2100 danda
357 2043 517 2101 executioni
548 2085 1104 2103 ............................
1136 2057 1197 2115 309

153 2159 205 2212 32.
229 2140 384 2209 Quomodo
396 2141 508 2198 labatur
521 2141 659 2198 terminus
672 2140 702 2196 in
716 2139 920 2216 extrajudiciali
931 2138 1118 2215 appellatione
1159 2138 1196 2194 ib.

146 2257 195 2313 33.
217 2238 370 2297 Terminus
390 2237 521 2297 finienda
542 2257 633 2296 causae
655 2238 853 2314 appellationis
874 2237 1013 2313 ajudica,
1029 2255 1115 2312 aquo

248 2336 415 2412 appellatur,
430 2355 487 2394 non
502 2343 596 2412 potest
609 2336 713 2393 mutari
723 2379 1100 2396 ...................
1153 2335 1191 2392 ib.

145 2451 197 2506 34.
221 2432 254 2492 Si
269 2434 503 2509 compromissum
518 2435 722 2510 interponatur,
737 2453 795 2492 non
809 2433 913 2491 labitur
927 2433 1066 2491 terminus
1080 2477 1105 2490 ..
1156 2433 1194 2489 ib.

144 2546 198 2606 35.
220 2530 268 2588 110
282 2531 434 2606 generibus
448 2532 640 2606 apostolorum
643 2574 1100 2591 .......................
1133 2547 1192 2604 310

145 2627 196 2701 36.
218 2626 343 2698 Quando
356 2628 394 2685 sit
407 2647 479 2704 opus
492 2628 628 2703 apostolis
641 2637 671 2687 02
685 2629 798 2703 quando
811 2643 899 2686 non..
1078 2673 1119 2697 .„
1156 2627 1192 2683 ib.

146 2741 196 2802 37.
220 2725 345 2795 Quando
358 2726 475 2803 petendi
488 2727 619 2802 apostoli,
631 2735 660 2784 et
674 2727 737 2801 quis
750 2726 888 2817 termipus
902 2744 1001 2783 eorum
1014 2733 1114 2801 peten-

245 2824 346 2881 dorum
359 2824 531 2883 concedatur
541 2864 1098 2885 ............................
1150 2823 1187 2878 112.

145 2924 195 2996 38.
218 2920 1097 2997 Quidibapostoliscontineridebeat.................
1133 2937 1188 2992 322

146 3036 196 3096 39.
217 3019 382 3095 Appellanti
394 3039 453 3078 non
467 3029 512 3077 est
524 3019 626 3087 fraudi,
639 3018 662 3075 si
677 3026 742 3094 post
756 3035 910 3094 gravamen
925 3017 1031 3091 aliquid
1046 3024 1114 3091 agat

250 3118 287 3174 ad
300 3117 422 3174 tribunal
432 3116 546 3192 judicis,
559 3134 611 3173 nec
625 3115 662 3172 ob
677 3115 706 3171 id
720 3114 882 3190 impeditur,
893 3115 961 3188 quin
975 3115 1050 3171 intra
1064 3113 1112 3169 de·

247 3232 309 3271 cem
323 3214 383 3270 dies
397 3214 433 3270 ab
447 3231 482 3270 00
496 3213 636 3288 232320112το
648 3212 792 3287 possit...
951 3256 975 3269 ..
992 3256 1037 3268 ...
1074 3258 1097 3266 ..
1153 3209 1192 3265 ib.

147 3331 197 3384 40
219 3310 410 3387 Appellans'
388 3329 412 3366 si
426 3309 493 3385 quid
507 3329 572 3368 cum
586 3312 791 3385 protestatione
806 3258 934 3386 agatm
901 3328 998 3367 coram
1015 3258 1112 3384 judice

248 3426 335 3483 aquo
349 3408 508 3484 appellavit,
524 3428 582 3467 nou
596 3416 746 3484 propterea
759 3410 865 3466 deserit
881 3407 1111 3484 appellationem.
1154 3406 1190 3463 112.

148 3526 196 3580 42.
218 3506 287 3564 Post
300 3505 518 3582 appellationem
533 3507 618 3565 debet
628 3507 715 3582 judex
726 3526 744 3564 2
754 3515 815 3564 2022
825 3524 910 3563 causa
920 3504 1112 3581 supersedere,

245 3604 1052 3681 nisigravameninflictumravocet...............
1088 3649 1133 3670 .,

146 3721 196 3776 42.
217 3702 290 3773 Qua
304 3710 481 3760 attentantur
493 3712 560 3779 post
573 3704 790 3780 appellationem
804 3710 871 3759 sunt
884 3701 977 3758 irrita.
992 3748 996 3757 .
1011 3746 1016 3757 .
1034 3746 1057 3756 ..
1076 3745 1100 3756 ..
1154 3699 1160 3710 '

147 3819 196 3874 43.
219 3800 291 3870 Qua
312 3801 448 3860 innovata
460 3810 527 3877 post
542 3802 758 3878 appellationem
773 3819 790 3858 a
800 3799 896 3875 judice
918 3797 1112 3873 appellationis

246 3918 373 3957 revocari
364 3899 517 3966 debeant,
525 3907 555 3957 et
568 3918 630 3974 quae
644 3918 729 3958 nou..
992 3941 1036 3952 ...
1074 3940 1099 3953 ..

145 4015 194 4067 44
217 3996 366 4066 Quatenus
373 3998 472 4073 322102(
485 4016 566 4072 aquo
577 3997 743 4073 appellatur
755 3997 791 4052 de
801 3993 1013 4070 appellationrs
1003 3992 1114 4068 32222222

244 4104 340 4168 potest
353 4113 586 4170 cognoscere...
745 4141 749 4150 .
1092 4134 1096 4144 .
1152 4087 1189 4142 ib.

146 4209 194 4269 45.
217 4193 343 4262 Quando
353 4193 441 4268 judex
452 4139 687 4268 appellationis
656 4208 770 4248 02222222
764 4136 892 4246 1012012
901 4138 938 4244 ad
950 4135 1113 4245 inferiorem

244 4292 371 4367 judicem
385 4290 530 4349 remittere
547 4325 1103 4352 ,,,,,,,,,,,,,,,,,,,,,,,,,,,,
1154 4279 1192 4337 ib,
1304 4288 1306 4292 ·

666 4403 683 4449 θ
