2692 4800
361 313 411 365 on
426 312 646 365 Junaunu‘ro
665 311 873 363 canusinus„
925 310 956 361 c.
974 312 1003 357 1.
1134 291 1202 355 221

238 574 317 661 (lap.
334 593 382 638 ιι.
407 573 576 638 Generolia
589 573 770 658 juramenta
790 581 820 637 et
835 571 991 660 promissa
1011 570 1119 655 qualia

564 697 623 741 erre
640 673 791 740 debeam.

201 813 275 898 Qui
309 815 515 884 summatim
540 815 641 906 jurat
674 813 731 885 vel
765 813 944 908 promittit
977 818 1113 882 statuta
1148 810 1204 882 vel

154 930 429 1003 consuetudines
459 929 698 1013 ecclesiarum,
724 929 971 1022 capitulorum,
996 928 1206 998 universita-

156 1058 240 1129 tum,
258 1045 317 1118 vel
339 1046 542 1141 hujusmodi
568 1069 861 1140 quorumcunque
886 1045 1044 1116 locorum
1068 1044 1123 1116 vel
1150 1067 1205 1115 so-

154 1164 325 1233 cietatum
360 1184 398 1234 se
430 1171 719 1235 conservaturum
750 1185 837 1242 esse,
866 1184 939 1231 non
970 1168 1089 1253 potest
1124 1159 1204 1231 talis

149 1279 344 1371 juramenti
370 1279 426 1351 vel
450 1280 609 1373 promissi
635 1280 853 1351 authoritate
880 1277 1055 1370 compelli,
1080 1300 1136 1348 res
1162 1286 1204 1348 ut

153 1390 291 1481 iniquas
324 1391 501 1484 suscipiat,
531 1400 594 1462 aut
628 1416 687 1464 eas
721 1415 799 1484 quae
833 1393 909 1464 lieri
939 1414 1012 1461 non
1043 1400 1202 1484 possunt.

153 1506 230 1577 Nec
257 1507 354 1579 enim
378 1508 533 1600 jurantis
560 1508 616 1581 vel
643 1507 884 1602 promittentis
907 1505 1065 1579 animus²
1089 1507 1202 1579 ullum

151 1623 343 1697 honestum
362 1625 408 1696 ad
431 1624 541 1697 talem
559 1627 828 1719 perversitatem
850 1632 1048 1717 respectum
1071 1624 1202 1696 habere

150 1750 280 1834 potest
332 1740 557 1836 Quapropter
579 1743 617 1812 in
643 1741 928 1812 conclusionibus
953 1739 1080 1809 talium
1105 1741 1204 1831 jura·

150 1867 354 1930 mentorum
370 1867 409 1930 et
426 1860 676 1952 promissorum
693 1858 762 1928 hoc
778 1858 891 1929 attexi
909 1857 1048 1950 placet:
1083 1865 1102 1895 ‘⁴
1114 1855 1203 1927 Haec

150 1976 316 2047 omnibus
337 1975 496 2068 partibus
521 1974 675 2057 servabo,
703 1975 830 2066 quibus
856 1996 937 2044 cum
963 1995 1060 2043 sacra
1086 1971 1203 2065 Scrip-

150 2098 230 2160 tura
267 2114 348 2162 cnm
383 2091 522 2186 legibus
555 2090 717 2162 civilibus
751 2101 789 2160 et
820 2088 1065 2161 ecclesiasticis
1099 2088 1202 2180 hujus

149 2208 248 2301 regui
267 2209 503 2291 consentient,
521 2218 559 2280 et
576 2215 749 2299 quantum
768 2208 859 2278 vires
880 2229 968 2278 meae
991 2205 1202 2298 patientur.”

300 2699 369 2771 nn
394 2699 713 2774 Juaannuno
745 2674 1048 2774 canonum.

234 2896 313 2984 Gap.
331 2919 358 2963 1.
386 2900 464 2964 Tam
484 2909 571 2964 octor
594 2919 688 2982 quom
707 2920 776 2962 rous
794 2897 885 2962 initio
906 2898 972 2964 litis
987 2908 1113 2984 precator

470 3000 682 3086 juramentum
696 2999 870 3064 calumniae.

195 3132 377 3217 Quoniam
399 3132 656 3204 calumniantes
682 3132 831 3212 odimus,
849 3140 887 3204 et
910 3155 1049 3202 summo
1076 3132 1196 3204 studio

145 3259 183 3321 et
211 3273 296 3320 cura
324 3272 534 3330 aversamur,
561 3248 745 3320 libidinem
776 3271 909 3329 eorum,
936 3249 997 3340 qui
1026 3248 1130 3321 facile
1157 3272 1198 3320 ac

145 3375 283 3436 temere
309 3366 353 3435 ad
381 3366 593 3460 litigandum
620 3365 863 3458 procederent,
885 3366 1079 3458 reprimere
1104 3389 1200 3437 sum-

145 3504 291 3574 mopere
325 3482 521 3574 cupientes,
556 3481 792 3552 necessarium
834 3481 1002 3552 duximus
1037 3491 1075 3552 et
1109 3505 1199 3574 prae-

145 3608 286 3668 sentem
321 3596 438 3691 legem
472 3621 612 3690 ponere,
643 3619 707 3689 per
740 3619 847 3688 quam
881 3600 1068 3681 sancimus,
1103 3599 1196 3691 quod

145 3737 217 3785 non
258 3714 363 3785 aliter
394 3737 511 3806 neque
544 3724 643 3784 actor
681 3735 798 3803 neque
832 3737 912 3784 reus
946 3714 982 3783 in
1017 3714 1199 3807 quibusvis

146 3833 261 3902 causis
291 3829 538 3902 ecclesiasticis
573 3829 668 3918 (narn
701 3838 738 3898 et
769 3830 805 3898 in
836 3831 878 3901 iis
908 3831 1114 3922 frequenter
1143 3855 1199 3902 oa·

146 3946 312 4017 lumniari
335 3946 440 4038 solet)
463 3945 508 4015 ad
535 3945 606 4015 litis
632 3945 827 4015 certamina
851 3945 1073 4030 admittatur,
1091 3968 1197 4037 quarn

145 4063 229 4132 siin
248 4062 325 4154 ipso
344 4061 416 4132 litis
436 4060 582 4130 exordio
598 4060 845 4151 jusjurandum
864 4059 1055 4131 calumniae
1073 4060 1199 4130 subeat

146 4189 310 4269 uterque.

393 4325 403 4370 ¹
420 4327 532 4384 debent.
816 4325 831 4369 ²
844 4327 953 4383 animis.
