2692 4800
518 313 567 363 Dii
594 313 838 365 PURGATIONE.

356 592 434 680 Gap.
450 612 481 674 9.
510 592 622 663 Quales
636 615 694 660 caso
707 591 809 658 (Ιοόωιῑ
816 601 1007 679 palpatores.

200 728 421 826 Purgatores
446 750 569 804 omnes
587 738 644 826 (ut
666 733 835 804 usitatum
853 729 1066 802 vocabulum
1091 755 1208 805 suma·

151 846 247 936 mus)
265 848 415 941 optimae
436 849 508 921 siut
528 848 801 920 existimationis
822 857 860 919 et
883 860 1074 941 perspectae
1098 851 1208 921 virtu·

153 966 209 1048 tis,
233 988 281 1036 ne
305 966 449 1058 perjurii
474 967 579 1037 cadat
601 965 638 1034 in
656 965 736 1035 illos
760 964 834 1035 ulla
857 963 1021 1057 suspicio.
1073 964 1122 1036 Et
1145 966 1207 1059 qui

153 1104 216 1174 pro
233 1081 353 1153 aliena
370 1083 584 1166 innocentia,
601 1082 795 1175 prasertim
817 1090 990 1175 suspecta,
1002 1083 1207 1174 juramento

155 1198 392 1291 spondebant,
410 1199 543 1271 debent
559 1197 668 1269 talem
687 1198 852 1269 cumillo
873 1198 1038 1270 habuisse
1061 1222 1209 1271 consue·

156 1314 317 1385 tudinem
335 1324 374 1387 et
396 1337 514 1400 usum,
531 1323 572 1384 ut
596 1314 690 1385 illius
714 1315 824 1385 vitam
842 1324 879 1385 et
902 1316 1206 1389 conversationem

156 1432 284 1515 norint,
301 1430 496 1525 praesertim
519 1453 541 1501 a
562 1439 723 1524 tempore
741 1453 812 1523 quo
834 1432 969 1502 crimen
987 1434 1207 1506 commisisse
1319 1426 1322 1431 ’

157 1546 296 1619 dicitur.

401 1677 479 1764 (lap.
493 1698 542 1743 10.
565 1677 726 1741 Numerus
732 1677 946 1762 parcentium.

203 1816 391 1888 Numerus
414 1826 644 1911 purgatomm
664 1816 796 1908 judicis
819 1815 991 1886 arbitratu
1015 1815 1208 1885 constituc-

156 1943 224 2019 tur,
241 1934 312 2005 hoc
335 1943 455 2005 tamen
480 1941 633 2016 retento,
650 1931 745 2024 quod
768 1930 941 2003 celebrior
958 1954 1107 2025 persona
1129 1929 1208 2024 plu·

151 2049 260 2133 ribus,
287 2048 469 2120 obscurior
498 2049 721 2143 paucioribus
747 2057 870 2118 utetur
894 2048 1110 2142 integritatis
1136 2069 1207 2118 suae

148 2166 319 2240 testibus.
373 2164 421 2237 Et
438 2167 623 2260 episcopus
646 2165 782 2258 aliquos
800 2164 993 2256 episcopos,
1010 2173 1048 2234 et
1064 2164 1207 2258 presby·

145 2295 208 2359 ter
231 2285 467 2380 presbyteros,
491 2295 529 2355 et
554 2283 718 2354 similiter
743 2284 857 2354 omnis
883 2283 1047 2355 defensor
1071 2306 1117 2355 ex
1142 2308 1207 2357 suo

144 2403 279 2475 ordine
295 2425 360 2495 pro
377 2423 415 2473 se
434 2410 563 2472 testem
581 2400 728 2471 adierat.

267 2624 345 2710 Gap.
361 2644 410 2689 11.
435 2624 534 2688 Nemo
549 2622 630 2689 dolat
644 2623 709 2711 copi
723 2623 769 2688 ad
782 2623 882 2688 alium
889 2625 1097 2712 perpendam.

203 2762 419 2855 Quanquam
430 2763 592 2835 homines
609 2765 646 2835 in
658 2766 763 2834 certis
780 2765 893 2835 cursis
906 2766 950 2836 ad
962 2765 1204 2836 testimonium

147 2880 346 2951 dicendum
366 2878 467 2949 iuviti
486 2888 633 2972 possunt
651 2878 752 2961 trahi,
772 2889 890 2951 tamen
909 2882 1089 2951 neminem
1107 2881 1206 2952 volu-

146 3020 235 3068 mus
251 2996 296 3067 ad
314 2996 539 3090 purgandum
557 2996 712 3089 aliquem
731 2996 913 3068 uolentem
932 2998 1038 3068 trudi.

197 3224 277 3309 Cap.
290 3244 340 3293 12·
368 3224 500 3295 Quando
510 3222 665 3311 poecilob
675 3224 793 3290 indicto
802 3226 985 3312 perpoliam
994 3222 1161 3311 appellari.

204 3365 297 3437 Cum
315 3367 500 3460 episcopus
520 3365 638 3460 plures
662 3366 867 3460 congregari
885 3364 991 3458 jubet
1014 3371 1205 3459 purgantes

154 3481 362 3554 liberatores
379 3506 486 3575 quam
504 3484 651 3575 aequitas
668 3493 731 3553 aut
745 3482 937 3553 defensoris
950 3481 1108 3553 conditio
1122 3480 1203 3565 fert,

155 3608 273 3690 potest
290 3597 527 3691 appellatione
537 3599 670 3691 judicis
687 3598 915 3670 acerbitatem
934 3597 1120 3670 declinare.

328 3823 406 3911 Gap.
422 3845 470 3910 13.
497 3825 649 3897 Quomodo
658 3823 821 3912 perpendi
833 3823 894 3890 sint
907 3825 1048 3910 insumet.

205 3963 277 4048 Qui
296 3965 514 4057 superiorum
532 3967 718 4037 criminum
737 3965 890 4038 convicti
901 3966 983 4058 jure
999 3967 1131 4038 fuerint
1148 3968 1202 4038 in-

156 4080 268 4152 fames
297 4078 426 4164 effecti,
454 4082 620 4173 quoniam
650 4081 693 4151 ad
719 4082 912 4174 jurandum
941 4082 1101 4154 adhiberi
1130 4106 1201 4153 non

157 4206 313 4289 possunt,
324 4196 529 4288 juramento
549 4219 620 4266 non
638 4195 891 4280 liberabuntur,
909 4198 971 4268 sed
987 4199 1049 4270 illa
1066 4199 1201 4269 ratione

158 4335 233 4405 quoe
242 4312 358 4404 judici
376 4312 553 4383 videbitur
568 4313 713 4406 optima.
