2692 4800
498 319 703 378 mausona
728 321 856 372 mons.
1121 310 1194 383 247

369 569 446 655 Gap.
460 588 509 632 11.
532 567 707 654 Delepotio¹
723 567 966 633 comisatoris.

195 706 323 779 Potest
339 715 460 778 sutem
476 707 592 800 judex
608 707 664 779 vel
681 708 757 800 ipse
774 718 883 780 testes
901 710 1113 793 examinare,
1133 711 1189 783 vel

146 825 180 894 id
208 847 338 895 manus
355 823 456 894 alteri
473 826 719 907 committere;
754 846 878 895 rerum
895 826 934 907 is,
952 823 1030 896 οιιὶ2
1046 829 1192 898 commi·

146 941 231 1011 serit
257 941 405 1012 testium
430 939 740 1020 examinationem,
764 961 835 1009 non
861 949 979 1032 potest
1003 963 1107 1033 porro
1132 941 1191 1012 alii

146 1054 322 1151 delegare,
339 1056 423 1147 quia
438 1057 514 1147 ejus
530 1055 703 1126 industria
719 1055 860 1124 videtur
876 1078 953 1127 esse
970 1056 1094 1128 electa.

324 1265 402 1350 Cap.
421 1284 469 1329 12.
492 1266 622 1351 Medio
635 1268 751 1330 testium
766 1266 1010 1351 quondofieodo.

195 1405 320 1475 Testes
336 1405 475 1476 admitti
492 1406 652 1476 volumus
670 1408 713 1477 ad
732 1407 921 1477 dicendum
936 1410 1191 1490 testimoninm,

147 1522 257 1592 ctiam
283 1523 311 1591 si
338 1530 459 1592 contra
482 1545 604 1591 eorum
631 1545 797 1615 personas
822 1524 1001 1615 objectum
1029 1527 1095 1608 sit3
1125 1526 1192 1595 nisi

147 1639 288 1731 obJecta
304 1638 351 1708 sit
367 1638 418 1708 eis
435 1638 765 1720 excommunicatio,
779 1650 841 1708 aut
859 1639 1058 1734 opponeus³
1069 1640 1192 1712 afferat

147 1764 346 1848 promptam
364 1776 435 1823 suae
452 1755 681 1846 oppositionis
699 1754 953 1846 probationem.

155 1968 235 2053 cap.
251 1987 298 2053 13.
326 1968 423 2032 Testes
430 1966 634 2053 perfidicam
648 1967 768 2051 spondi
780 1977 861 2046 suot,
877 1966 904 2031 si
919 1967 1018 2032 conire
1033 1978 1181 2034 recusant.

198 2105 237 2178 Si
255 2107 314 2199 qui
333 2115 443 2178 testes
460 2107 617 2199 requisiti
637 2107 756 2177 venire
773 2108 1022 2188 recusaverint,
1040 2107 1077 2176 hi
1093 2105 1193 2197 judi·

147 2225 197 2296 cis
230 2224 446 2294 authoritate
476 2221 711 2314 compellendi
743 2231 835 2305 sunt,
867 2243 949 2292 cum
979 2244 1050 2291 non
1076 2223 1191 2294 miuus

147 2340 222 2411 fere
243 2338 484 2430 delinquatis,
502 2339 563 2430 qui
582 2338 768 2407 veritatem
792 2339 1011 2429 supprimere
1034 2349 1190 2421 conatur,

147 2479 253 2548 quam
272 2455 332 2548 qui
351 2455 439 2525 saiso
457 2454 669 2546 deposuerit.

218 2667 296 2753 Gap.
312 2687 359 2748 ¹4·
383 2667 444 2746 Qui
458 2666 493 2730 ior
506 2665 709 2729 acrimonias
724 2663 824 2727 conire
837 2664 901 2749 copi
915 2685 973 2728 oon
982 2676 1123 2749 possunt.

195 2805 319 2876 Testes
336 2827 405 2876 uon
424 2814 560 2876 temere
577 2802 746 2875 evocandi
770 2811 853 2873 sunt
871 2825 932 2894 per
949 2801 1094 2896 longum
1113 2805 1192 2888 iter,

146 2920 332 3013 multoque
357 2922 473 2991 minus
498 2919 630 3001 milites
655 2941 677 2990 a
701 2919 773 2990 suis
797 2918 906 3011 signis
927 2920 1074 2988 vocandi
1098 2929 1192 3004 suut,

146 3036 353 3131 perhibendi
371 3036 566 3107 testimonii
583 3057 697 3106 causa.

203 3247 281 3334 Gap.
301 3265 349 3334 15.
373 3247 430 3312 Ad
442 3246 552 3312 nobiles
565 3254 595 3310 ot
607 3244 718 3310 debiles
732 3244 865 3309 modom
879 3254 923 3309 est
930 3265 991 3330 pro
1005 3243 1128 3310 illorum

551 3348 784 3412 examinatione.

198 3485 236 3558 Si
259 3495 369 3557 testes
390 3487 427 3555 in
449 3486 571 3577 majori
588 3485 706 3576 aliqua
723 3484 896 3579 dignitate
914 3486 1098 3556 constituti
1117 3486 1193 3556 fue·

146 3605 228 3686 rint,
254 3613 316 3673 aut
341 3602 459 3695 aliquo
488 3601 639 3672 naturali
670 3600 907 3672 inevitabilive
937 3601 1191 3693 impedimento

146 3720 295 3803 detenti,
313 3725 354 3789 ut
371 3720 416 3789 ad
434 3718 609 3809 judicium
632 3738 785 3810 congrue
808 3726 846 3787 et
867 3717 1053 3788 commode
1070 3719 1191 3790 venire

146 3858 218 3906 non
244 3842 400 3928 possunt,
418 3843 503 3904 tunc
522 3834 637 3927 judex
662 3843 725 3905 aut
750 3835 794 3904 ad
821 3834 965 3904 eosdem
990 3835 1191 3916 descendat,

146 3961 209 4022 aut
226 3950 523 4022 examinationem
541 3948 682 4019 iliorum
699 3948 793 4019 bono
811 3951 885 4020 viro
903 3950 1114 4020 committat.

272 4094 279 4132 ¹
296 4090 449 4165 Deligatio.
635 4081 648 4120 ²
661 4089 715 4162 qui.
887 4089 901 4127 ³
913 4106 1067 4163 apponens.
