2692 4800
185 276 258 341 312
497 290 546 340 nn
571 288 913 341 Arannmrrovrnus.
1236 286 1268 336 c.
1281 286 1340 354 ω

184 448 289 528 uerit,
306 456 343 516 et
367 446 498 538 aliquid
526 447 570 516 ad
596 448 671 538 ejus
697 443 850 516 tribunal
877 445 1000 538 egerit,
1021 444 1129 514 modo
1155 465 1235 535 pro-

185 570 347 644 testetur,
366 584 404 631 se
426 585 496 631 non
514 562 561 633 ob
581 561 616 631 id
637 561 727 631 velle
749 560 1023 654 appellationem
1041 556 1233 640 deserere,

184 700 255 748 non
266 677 486 769 judicabitur
503 677 553 747 illi
566 676 581 720 ²
593 679 821 748 renuntiasse.

199 885 276 969 Gap.
286 906 338 966 41.
363 886 441 949 Post
454 885 685 971 appellationem
699 884 778 949 debet
784 884 882 968 judea
896 905 916 948 o
931 892 993 947 tota
1008 903 1101 946 eausa
1115 904 1220 968 atqver-

380 987 488 1061 sedere,
504 987 568 1050 m'ai
579 1009 742 1072 precamen
757 987 904 1069 inflictum
918 993 1036 1049 reuocet.

248 1127 417 1209 Quamvis
453 1128 643 1221 appellatio
682 1128 861 1198 interdum
900 1135 1038 1196 certum
1076 1123 1234 1215 aliquem

184 1267 296 1314 causae
322 1245 509 1315 articulum
536 1254 684 1337 spectet,
705 1243 934 1314 nihilominus
960 1265 1003 1313 ea
1024 1241 1236 1334 interposita

177 1359 343 1453 judex,a
368 1385 438 1452 quo
465 1360 682 1453 appellatum
709 1370 772 1442 est,
799 1384 820 1430 a
845 1370 922 1430 tota
946 1359 1021 1451 ipsa
1046 1381 1152 1429 causa
1178 1380 1236 1427 su·

184 1477 394 1569 persedebit.
448 1477 532 1547 Non
556 1478 651 1548 enim
675 1477 846 1570 quispiam
872 1478 952 1570 cogi
975 1475 1094 1557 debet,
1113 1483 1155 1544 ut
1180 1473 1233 1543 illi

178 1594 291 1683 judici
321 1594 530 1687 respondeat
556 1595 592 1662 in
619 1616 661 1663 ea
687 1616 801 1674 causa,
827 1594 862 1663 in
890 1616 959 1685 qua
984 1615 1022 1662 se
1046 1600 1233 1685 gravatum
1254 1600 1313 1665 ¹47

184 1711 229 1780 ab
255 1735 297 1780 eo
323 1712 453 1794 sentit;
489 1733 605 1802 neque
639 1710 789 1803 amplius
823 1711 867 1780 ad
898 1709 998 1780 illum
1029 1730 1236 1801 comparere

184 1826 349 1922 adigitur,
367 1837 408 1897 ut
433 1827 652 1919 respondeat,
670 1850 786 1918 neque
809 1836 850 1897 ut
872 1827 917 1896 de
941 1825 1148 1920 gravamine
1173 1826 1237 1895 do—

184 1955 273 2027 ceat,
296 1946 362 2015 nisi
389 1945 536 2015 fortasse
561 1945 692 2015 citetur
713 1944 758 2014 ad
782 1944 991 2014 audiendam
1019 1942 1237 2037 gravaminis

184 2060 273 2130 illati
299 2062 573 2153 revocationem.
638 2060 756 2145 Quam
782 2061 1040 2131 revocationem
1067 2060 1096 2129 si
1116 2059 1236 2152 judex

185 2179 319 2261 fecerit,
336 2179 410 2248 sive
436 2186 662 2270 comparente
688 2201 743 2261 eo,
761 2179 822 2271 qui
840 2175 1042 2271 appellavit,
1060 2179 1135 2247 sive
1162 2199 1236 2247 non

185 2304 424 2387 comparente,
442 2296 540 2364 etad
560 2295 743 2366 solvendas
760 2317 941 2389 expensas,
959 2295 987 2365 si
1005 2316 1092 2386 quas
1112 2292 1236 2386 appel·

184 2412 260 2482 lans
286 2412 421 2495 fecerit,
439 2435 515 2482 sese
541 2410 720 2491 obtulerit,
747 2420 785 2482 et
811 2409 992 2480 adeundus
1018 2416 1083 2489 est,-
1102 2416 1141 2479 et
1167 2409 1236 2479 sub

185 2552 227 2598 eo
249 2529 437 2621 agendum.
492 2520 588 2597 Nam
610 2549 888 2617 causanteque
911 2526 979 2595 fuit
1002 2525 1235 2617 appellatum,

185 2653 303 2734 potest
322 2666 547 2725 reassumere,
566 2643 664 2712 etad
683 2642 850 2712 ulteriora
873 2642 1073 2733 procedere.
1126 2640 1234 2723 Quod

185 2772 303 2831 tamen
322 2770 409 2829 tunc
431 2760 544 2830 solum
565 2760 670 2830 habet
693 2760 821 2841 locum,
840 2761 979 2850 (quando
1003 2757 1233 2850 appellationi

185 2880 331 2947 mininie
366 2878 505 2947 detulit.
560 2877 655 2945 Nam
691 2879 718 2946 si
754 2901 832 2946 earn
870 2878 1015 2946 fortasse
1049 2870 1234 2967 receperit,

186 3018 300 3085 neque
326 3018 515 3088 gravamen
542 3017 715 3073 revocare,
735 3016 850 3084 neque
871 3017 1012 3063 cansam
1039 3002 1157 3085 potest
1180 3015 1232 3061 re

185 3134 332 3180 sumere.
387 3109 531 3180 Etenim
553 3111 751 3203 jurisdictio
778 3112 863 3204 ejus,
887 3111 1001 3200 quoad
1027 3109 1124 3180 illam
1149 3133 1232 3181 cau·

185 3250 270 3308 sam,
299 3251 437 3319 prorsus
467 3229 640 3297 transfusa
668 3238 721 3297 est
749 3229 785 3295 in
813 3225 975 3317 judicent
1006 3228 1233 3318 superiorem.

187 3342 324 3412 Poterit
359 3343 585 3413 nihilominus
620 3353 742 3434 postea
777 3345 822 3412 de
857 3342 919 3412 illa
953 3365 1173 3435 cognoscere,
1205 3345 1233 3412 si

181 3460 304 3549 judex,
324 3462 366 3529 ad
387 3484 492 3550 quern
512 3468 566 3529 est
584 3460 811 3551 appellatum,
830 3460 927 3529 illam
954 3461 996 3529 ad
1022 3482 1102 3528 eum
1130 3462 1234 3529 remi-

186 3578 280 3645 serit.
330 3572 461 3667 ltaque
491 3577 681 3648 deferendo
709 3577 936 3669 appellationi
965 3600 1105 3647 causam
1137 3577 1231 3647 illam

180 3692 293 3781 judex
313 3692 456 3762 omnino
474 3716 495 3761 a
512 3716 548 3762 se
567 3693 715 3774 abdicat,
735 3693 801 3761 nisi
821 3691 1015 3762 deseratur3
1032 3692 1231 3783 appellatio,

188 3817 224 3876 et
251 3810 423 3877 terminus
449 3808 611 3900 praefixus
634 3807 771 3900 clapsus
798 3810 914 3889 fuerit,
933 3811 1025 3879 intra
1042 3832 1148 3900 quem
1175 3831 1232 3898 ap·

189 3925 322 4016 pellans
349 3925 473 3994 debuit
499 3927 660 4015 prosequi
688 3926 972 4017 appellationem.
1029 3924 1102 3994 isto
1129 3926 1233 4015 siqui·

188 4043 268 4109 «lem
288 4065 370 4110 casu
389 4040 430 4107 lis
449 4042 564 4109 denuo
583 4043 624 4108 ad
646 4040 743 4109 illum
765 4042 865 4110 redit.

314 4187 320 4226 ¹
338 4179 455 4234 deferre.
590 4184 602 4220 2'
617 4181 653 4234 illi
671 4201 726 4236 non
743 4201 801 4238 ren.
935 4182 947 4216 ²⁵
962 4183 1112 4237 (letemur.
