2692 4800
144 286 193 360 70
477 301 526 352 nr
550 298 855 353 aunummrronn
1195 295 1226 348 c
1242 298 1257 347 ι

143 455 253 524 irruat
289 450 578 537 ecclesiasticum,
607 453 770 524 volumus
804 462 847 522 ut
881 452 1089 545 quicunque
1122 450 1200 521 aba·

145 594 215 664 que
238 568 402 641 ordinarii
421 569 650 654 authoritate,
668 579 707 640 ct
727 568 839 640 literis
858 568 955 639 illius
975 566 1044 639 sub
1068 568 1198 661 scripto

145 686 381 769 authentic01,
400 686 611 757 beneficium
633 685 776 778 aliquod
793 684 1074 757 ecclesiasticum
1096 706 1198 755 occn·

146 805 295 897 paverit,
307 826 379 873 non
397 810 537 873 tantum
556 800 719 875 excidet²
735 826 757 874 a
773 801 946 873 beneficio
958 801 1056 895 quod
1069 803 1196 895 injuste

145 920 284 1002 invasit,
312 918 444 1011 absque
476 941 537 1012 spe
573 918 646 989 ulia
682 918 774 991 illius
808 919 1049 1013 recuperandi,
1077 940 1194 989 verum

146 1037 253 1106 etiam
273 1033 411 1104 nulium
431 1033 526 1105 aliud
545 1035 777 1128 imposterum
799 1034 967 1129 consequi
987 1034 1135 1129 poterit,
1150 1044 1193 1117 et,

147 1161 188 1221 ut
218 1152 294 1243 ejus
323 1152 547 1221 contumacia
572 1152 729 1244 requirit,
756 1151 1138 1237 excommunicabitur,
1160 1160 1194 1222 et

146 1266 378 1337 aministerio
396 1265 635 1337 ecclesiastico
653 1269 896 1361 suspendetur.

163 1761 231 1833 nn
262 1760 699 1835 namuurmrroun
727 1764 830 1836 vau
858 1710 1183 1839 uusunmouu
1201 1780 1257 1849 μ

468 1902 880 1978 ununrroroauur.
1103 1914 1106 1919 ·

614 2079 690 2165 Onp.
708 2100 735 2142 1.

201 2226 414 2319 Hujusmodi
442 2249 553 2297 causac
577 2238 723 2320 possunt
747 2228 912 2309 incidere,
931 2229 1137 2300 sacerdotiis
1158 2236 1196 2298 ut

151 2343 205 2412 vci
232 2344 310 2413 cedi
340 2352 465 2435 sponte
491 2345 609 2436 possit,
635 2355 672 2414 ct
698 2354 740 2414 ut
765 2343 871 2438 vulgo
897 2342 1105 2437 loquuntur,
1132 2345 1197 2416 iiiis

151 2459 354 2541 rcuuntiari,
374 2459 429 2528 vel
452 2482 574 2529 corum
598 2461 706 2530 etiam
732 2470 771 2530 ut
794 2461 1010 2553 permutatio
1028 2462 1112 2533 iiat:
1138 2461 1196 2533 sed

151 2575 218 2646 hoc
236 2576 374 2666 quoties
396 2598 460 2644 usu
481 2577 609 2658 veniet,
628 2601 767 2647 omnem
793 2576 925 2660 dolum,
943 2587 981 2646 et
1005 2578 1198 2661 avaritiam,

152 2700 189 2760 et
202 2693 473 2774 simoniam,non
486 2692 600 2762 solum
615 2695 747 2763 crimen
760 2694 820 2763 sed
833 2695 939 2764 etiam
955 2696 1198 2788 suspicionem,

152 2820 325 2901 quantum
344 2810 419 2879 fieri
438 2822 555 2902 potest
572 2811 694 2881 abesse
712 2811 944 2904 praecipimus.

153 3058 229 3142 Gap.
248 3078 276 3121 a.
302 3059 343 3120 ln
358 3057 577 3121 recursantium
590 3069 618 3122 et
625 3058 847 3143 pertractatione
861 3080 1017 3123 comenses
1034 3061 1188 3126 ordinarii

243 3162 426 3225 aeccssam'ns
440 3171 490 3236 eat,
505 3169 534 3224 ct
548 3162 611 3225 ciac
625 3161 678 3225 illo
685 3162 843 3246 praeiacens
853 3163 1035 3226 simmiacua
1048 3170 1103 3228 cot.

207 3282 400 3374 Nunquam
427 3285 480 3353 vel
505 3286 582 3354 cedi
610 3285 727 3377 placet
753 3287 932 3356 beneficiis
957 3287 1200 3358 ecclesiasticis

155 3402 393 3491 cqjuscuuquc
407 3403 544 3492 generis
562 3403 703 3484 fuerint,
720 3403 774 3472 vol
790 3405 1051 3495 permutatione
1069 3404 1199 3475 moveri

154 3529 297 3610 propter
315 3516 420 3586 ullam
441 3518 527 3587 lucri
547 3519 601 3587 vel
626 3519 858 3590 emolumenti
883 3543 979 3613 spem
1004 3522 1199 3613 objectam3

155 3657 221 3703 uec
240 3633 349 3703 ullum
366 3635 399 3703 iu
415 3634 615 3726 hujusmodi
634 3637 784 3727 negotiis
801 3637 933 3706 factum
950 3637 1075 3720 valeat,
1091 3640 1198 3709 donec

155 3750 349 3820 ordinarius
374 3749 468 3820 iliius
495 3750 665 3821 Ecclesia
691 3754 851 3845 proprius
877 3764 990 3823 totam
1018 3778 1093 3825 rem
1119 3778 1197 3825 con·

155 3868 369 3947 sideravcrit,
401 3876 438 3935 et
472 3891 550 3936 cam
586 3868 803 3940 authoritate
837 3893 900 3940 sua
933 3870 1196 3940 confirmaverit.

156 3984 261 4066 Quod
288 3985 417 4074 siquis
442 3995 576 4052 temero
601 3998 787 4075 provectus
812 3987 975 4056 ordinarii
995 4009 1195 4056 consensum

156 4104 191 4169 iu
222 4100 287 4170 hnc
318 4124 422 4170 causa
453 4124 522 4169 nou
553 4101 760 4184 adhibuerit,
789 4114 850 4172 arat
882 4105 926 4172 de
957 4103 1054 4173 lucro
1081 4112 1193 4197 pactus

282 4302 288 4340 ¹
305 4306 461 4381 subscripta
476 4307 648 4363 auctenticis.
939 4307 952 4345 ²
966 4310 1078 4367 excidit.
