2692 4800
478 313 527 364 ne
548 312 849 366 excumomuus
1117 298 1189 363 283

311 582 389 670 Gap.
402 597 434 670 5.
458 585 535 658 Qec
548 581 733 667 acceptiones
747 581 809 646 sict
823 580 1025 667 temporarie.

196 722 380 795 Dilatorioe
404 729 513 814 atque
538 721 776 792 declinatorias
800 720 1030 813 exceptiones
1054 728 1192 814 tempo-

145 842 243 915 rariae
270 848 363 912 sunt.
427 837 524 908 Nam
549 837 619 908 illis
646 838 706 929 qui
733 844 893 921 utuntur,
916 837 1049 908 causari
1076 836 1191 908 solent

145 968 287 1050 tempus
317 953 397 1047 (aut
429 952 595 1024 solutioni
629 953 843 1036 condictum,
877 961 940 1024 aut
973 953 1066 1023 intra
1094 953 1189 1045 quod

145 1072 243 1167 leges
269 1092 374 1164 agere
404 1067 623 1162 prohibent),
650 1068 807 1139 nondum
834 1067 992 1160 elapsum
1020 1090 1107 1151 esse,
1133 1067 1190 1140 vel
1241 1056 1245 1063 ’

144 1187 386 1260 conditionem
409 1184 605 1277 appositam
629 1185 785 1255 noudum
808 1194 941 1267 extare,
960 1184 1015 1255 rel
1030 1186 1189 1277 judicem

145 1326 215 1373 non
242 1324 318 1373 esse
338 1308 613 1393 competentem,
631 1307 668 1371 et
685 1298 754 1371 alia
771 1301 806 1370 id
824 1323 947 1393 genus.
1000 1297 1192 1392 Exceptio·

144 1442 207 1491 nes
240 1417 443 1510 hujusmodi
479 1425 635 1487 actorem
664 1417 702 1485 in
733 1425 942 1510 perpetuum
971 1439 1043 1487 non
1068 1423 1192 1486 vetant

145 1537 230 1629 quin
258 1542 352 1628 agat,
369 1533 431 1603 sed
455 1532 500 1601 ob
524 1532 758 1602 mutationem
785 1555 903 1602 rerum
928 1540 967 1603 et
990 1539 1192 1625 temporum

146 1650 251 1723 facile
275 1658 393 1743 potest
418 1648 636 1742 contingere,
653 1659 694 1720 ut
713 1648 864 1743 amplius
890 1650 1009 1720 locum
1034 1671 1105 1718 non
1130 1647 1193 1719 ha·

145 1768 263 1839 beant.
307 1765 401 1835 Sunt
414 1764 522 1833 etiam
541 1786 583 1834 ea
601 1766 645 1834 de
662 1788 766 1836 causa
779 1766 1010 1860 temporariae,
1024 1766 1191 1857 quoniam

146 1886 173 1954 si
191 1884 271 1977 quis
288 1881 338 1952 eis
358 1903 429 1951 non
447 1886 570 1950 utatur
586 1888 746 1974 tempore
763 1905 785 1953 a
795 1883 877 1974 jure
894 1881 1106 1976 praescripto,
1123 1880 1192 1953 illis

146 2001 312 2092 deinceps
331 1998 381 2068 uti
401 2017 472 2066 non
488 1997 629 2088 poterit.

156 2222 233 2308 Gap.
250 2224 281 2285 6.
305 2221 527 2287 Docliootorioe
539 2221 723 2307 exceptiones
738 2220 858 2306 quondo
872 2222 934 2286 rint
947 2223 1139 2308 opponendo,
1155 2232 1182 2287 a

515 2324 636 2411 quando
647 2322 824 2411 prodam.

195 2461 332 2534 Omnes
353 2465 582 2555 exceptiones
608 2460 853 2532 declinatorias
871 2466 966 2551 (cum
989 2484 1191 2555 processum

141 2579 265 2672 judicii
285 2580 491 2670 impediant,
509 2603 578 2650 non
601 2587 721 2650 autem
739 2600 881 2648 causam
901 2576 1090 2670 perimant)
1108 2588 1193 2651 ante

147 2695 220 2767 litis
244 2696 551 2777 contestationem,
571 2692 628 2764 vel
651 2694 803 2786 primum
822 2717 934 2765 causae
952 2703 1082 2777 actum,
1101 2696 1128 2765 si
1151 2694 1194 2765 lis

146 2811 291 2884 nonsit
321 2812 563 2891 contestando,
594 2811 741 2903 proponi
769 2809 954 2894 volumus3
990 2820 1028 2881 et
1058 2812 1193 2904 siquis

145 2939 231 3003 anto
253 2929 355 3001 litem
380 2938 614 3002 contestatam
633 2929 689 3001 vel
711 2931 865 3023 primum
888 2937 1008 3001 actum
1032 2952 1091 3000 eas
1114 2952 1194 3023 pro·

145 3071 277 3141 ponere
304 3047 471 3129 omiserit,
500 3045 570 3116 illis
599 3057 722 3138 postca
750 3069 821 3117 non
848 3053 990 3117 utatur:
1027 3045 1193 3138 quoniam
1260 3130 1266 3139 ,

146 3187 206 3236 eas
230 3163 474 3256 praetereundo
498 3163 587 3232 actis
615 3162 754 3232 videtur
783 3160 1006 3233 consensisse.
1071 3159 1194 3252 Atque
1282 3207 1286 3214 -

147 3277 349 3371 hujusmodi
372 3278 601 3370 exceptiones
622 3300 702 3347 eum
725 3276 871 3369 objectae
895 3277 1037 3360 fuerint,
1054 3275 1193 3370 probari

146 3417 245 3465 areo
262 3392 437 3477 volumus,
456 3392 655 3485 priusquam
675 3391 729 3463 vel
747 3394 792 3463 ad
810 3392 882 3464 litis
899 3394 1193 3465 contestationem

147 3510 204 3583 rel
220 3510 266 3581 ad
283 3509 436 3601 primum
454 3531 568 3579 causae
584 3517 704 3580 actum
725 3508 894 3580 veniatur.

217 3738 294 3824 Gap.
309 3756 337 3821 7.
362 3738 562 3823 deceptiones
576 3736 732 3906 dilatoria
746 3738 868 3825 quondo
875 3738 1085 3824 proponendoe
1098 3745 1128 3803 ot

576 3863 622 3926 pr
656 3841 758 3906 ande.

156 3988 167 4003 '
197 3977 380 4051 Dilatoriae
398 4002 481 4051 vero
508 3983 737 4074 exceptiones
754 3980 896 4073 (quibus
921 4004 992 4052 non
1015 4004 1196 4074 processus

141 4095 268 4186 judicii
294 4096 355 4166 sed
373 4097 501 4167 actoris
527 4088 678 4169 intentio
699 4097 905 4189 impeditur)
924 4098 1068 4169 eumad
1087 4121 1194 4192 nego·

149 4211 239 4280 tium
263 4221 300 4281 et
319 4234 405 4293 rem,
424 4235 500 4302 quae
526 4213 652 4305 agitur,
672 4212 882 4303 pertineant,
900 4220 937 4279 et
962 4213 1046 4303 ipse
1071 4233 1196 4304 propo·

149 4335 278 4395 uantur
304 4336 388 4397 ante
416 4325 489 4397 litis
515 4327 835 4407 contestationem
874 4327 934 4397 sed
963 4350 1021 4398 eas
1048 4326 1196 4421 probare

149 4440 266 4511 nullus
283 4465 361 4513 reus
378 4452 534 4535 cogatur,
549 4454 741 4537 antequam
758 4443 835 4537 ipse
852 4451 952 4515 actor
968 4444 1210 4516 suuminteu-
