2692 4800
532 247 693 306 TABULA
712 247 964 309 TITULORUM.

658 487 710 544 DE
730 488 829 544 FIDE.

243 627 267 668 r.
289 609 335 667 De
350 610 404 667 fide
419 610 673 667 instrumentorum
677 654 1133 672 .......................
1167 632 1196 690 p.
1210 631 1267 689 333

238 708 1010 783 3.Ιηεῐωωεηῐαρυϋὶἰοα,...................
1024 757 1172 773 ........
1227 713 1265 771 ib.

236 825 267 880 3.
290 808 482 864 Instrumenta
495 808 606 883 privata
616 853 1173 869 ............................
1228 810 1267 868 ib.

237 925 265 976 4.
288 904 401 962 Privata
419 904 525 978 scripta
542 924 601 961 non
615 905 722 971 valent,
743 906 797 963 uisi
818 906 905 965 trium
926 906 1043 965 testium
1060 907 1184 966 susbscri-

314 1003 411 1077 ptione
426 1003 573 1059 firmentur
576 1048 1173 1066 ..............................
1228 1005 1266 1063 rb.

235 1113 264 1176 5.
287 1100 365 1157 Libri
379 1109 568 1157 mercatorum
573 1145 1172 1162 ..............................
1208 1119 1264 1176 333

235 1197 262 1254 6.
285 1198 392 1254 Modus
406 1196 595 1256 conficiendi'
588 1207 777 1255 instrumenta
779 1244 1171 1259 ....................
1227 1200 1265 1257 ib

236 1310 262 1369 7.
285 1295 495 1371 scripturarum
510 1297 683 1371 comparatio
691 1341 1167 1359 ........................
1224 1299 1263 1356 rb.

235 1393 261 1449 8.
284 1393 478 1450 Instrumenta
492 1394 552 1469 ipsa
566 1395 595 1450 iu
605 1393 714 1469 judicio
728 1394 889 1452 exhibenda
902 1405 970 1453 sunt
983 1440 1173 1455 ..........
1227 1397 1265 1454 rb.

234 1511 261 1568 9.
284 1492 478 1549 Instrumenta
489 1493 603 1567 quaudo
617 1491 778 1549 exhibenda
790 1501 857 1549 sunt
861 1538 1172 1552 ................
1206 1511 1265 1568 334

215 1609 262 1648 10.
286 1589 437 1647 Contraria
450 1590 556 1665 scripta
572 1634 1170 1651 ..............................
1224 1592 1263 1649 ib.

219 1707 262 1745 ιι.
285 1689 477 1746 Instrumenta
491 1688 604 1763 publica
618 1688 713 1745 valent
727 1688 846 1745 mortuis
859 1689 982 1746 testibus
997 1733 1170 1749 .........
1221 1690 1259 1748 ib.

217 1804 261 1844 33.
283 1787 329 1844 De
343 1787 451 1844 exustis
465 1794 515 1843 aut
528 1786 639 1844 amissis
652 1786 849 1844 instrumentis
856 1832 1167 1847 ................
1222 1788 1261 1846 ib.

215 1903 224 1941 r
232 1902 260 1959 3.
281 1884 327 1942 De
341 1884 536 1942 instrumentis
550 1884 690 1960 suspectis
712 1929 1168 1944 .......................
1205 1902 1239 1958 23
1244 1898 1261 1961 5

213 1998 259 2055 14.
280 1981 465 2038 Instrumenti
480 1982 650 2055 improbatio
651 2023 1167 2041 ..........................
1222 1980 1261 2039 ib.

213 2090 260 2155 15.
281 2078 1166 2137 Deinstrumentorumcustodia......................
1203 2080 1261 2155 336

214 2176 259 2232 16.
282 2177 508 2233 instrumentum
521 2196 539 2233 a
553 2177 670 2234 diversis
684 2176 883 2235 tabellionibus
897 2177 1003 2234 factum
1018 2222 1044 2236 ..
1076 2223 1082 2234 .
1220 2178 1260 2236 ib.

213 2273 1165 2349 17.Descriptiovetustiinstrumenti........,...........
1220 2276 1261 2333 rb.

214 2371 259 2428 18.
282 2370 468 2445 Antiquitatis
482 2372 612 2446 probatio
627 2415 1167 2434 ...........................
1222 2375 1261 2433 rb.

211 2488 257 2546 19.
280 2468 435 2542 Scriptun's
454 2469 624 2526 authenticis
640 2470 798 2527 detrahitur
811 2471 892 2536 fides,
907 2471 931 2527 si
945 2488 1018 2528 uuus
1039 2489 1075 2528 ex
1094 2471 1177 2528 testi·

120 2546 132 2563 ’
290 2565 344 2620 bus
358 2566 561 2623 contradixerit
569 2612 1164 2627 ..............................
1201 2583 1258 2645 337

212 2682 257 2719 3ο.
280 2661 469 2720 Adversarius
484 2682 542 2719 non
556 2672 601 2720 est
615 2664 761 2739 cogendus
775 2665 805 2720 in
821 2665 946 2722 medium
960 2663 1087 2740 proferre
1103 2665 1179 2739 quod

310 2770 410 2818 contra
424 2781 454 2818 se
467 2762 552 2818 faciat
566 2807 1162 2822 ..............................
1217 2763 1259 2822 ib.

210 2876 259 2914 ur.
281 2859 324 2915 De
338 2857 493 2915 rationibus
508 2860 632 2917 defuncti
650 2903 1167 2918 ..........................
1220 2859 1258 2916 ib.

547 3074 599 3128 DE
619 3072 785 3128 CRIMINE
805 3071 921 3127 EALSI.

231 3214 256 3256 r.
278 3198 395 3256 Crimen
409 3196 472 3253 falsi
487 3197 554 3272 qnid
571 3197 617 3266 sit,
633 3206 662 3254 et
677 3199 790 3272 quando
805 3197 1000 3255 committatur
1016 3241 1167 3256 ........
1199 3197 1257 3273 338

229 3316 256 3353 3.
280 3297 375 3371 Hujus
389 3294 514 3350 criminis
528 3295 569 3350 rei
585 3302 613 3350 et
628 3294 751 3370 suspecti
765 3295 908 3370 quomodo
923 3293 1164 3353 conveniuntur..
1200 3313 1257 3370 240

228 3393 1165 3467 3.Convictorumpoenae............................
1219 3390 1257 3448 rb.

227 3509 256 3562 4.
279 3491 325 3548 De
339 3491 451 3566 scriptis
466 3491 606 3565 corruptis
620 3491 688 3565 quid
703 3491 884 3547 statuendum
898 3490 936 3546 sit
946 3532 1163 3549 ...........
1198 3507 1253 3562 ²41

227 3603 255 3666 5.
278 3590 367 3646 Fraus
381 3597 410 3645 et
425 3589 507 3645 dolus
522 3589 612 3645 mulus
626 3597 790 3663 spectantur
804 3589 834 3644 in
849 3589 965 3645 crimine
979 3587 1043 3644 falsi
1055 3634 1163 3648 ......
1216 3589 1255 3645 ib.

227 3688 256 3744 6.
280 3687 385 3744 Scrihae
399 3687 499 3743 vitium
517 3687 692 3762 negligentia
709 3686 855 3743 inductum
871 3686 1014 3761 quomodo
1030 3685 1173 3760 puniatur.
1198 3704 1255 3758 343

229 3803 256 3859 7.
279 3785 376 3860 Sigilla
398 3784 613 3841 universitatum
635 3794 664 3842 et
681 3785 848 3841 societatum
867 3785 927 3840 sine
944 3802 1084 3840 consensu
1101 3803 1174 3858 prse-

306 3883 372 3939 lecti
388 3892 417 3940 et
432 3883 547 3958 majoris
562 3883 650 3957 partis
667 3883 855 3940 universitatis
870 3901 928 3938 non
942 3881 1038 3938 valent
1054 3928 1077 3938 ..
1097 3926 1122 3939 ..
1138 3928 1164 3941 ..
1216 3882 1255 3939 ib.

401 4105 453 4159 DE
471 4102 664 4166 misimus,
685 4101 906 4160 EORUMQUE
926 4100 1064 4157 chr1S.

229 4246 254 4287 1.
277 4230 399 4298 Quando
414 4239 501 4286 testes
516 4226 696 4285 examinandi
706 4235 772 4294 sunt
783 4236 850 4283 ante
860 4227 938 4283 litem
950 4231 1162 4282 contestatam..
1175 4270 1181 4283 .
1196 4240 1250 4298 243

229 4347 253 4384 3.
277 4328 384 4387 Dilatio
400 4329 434 4385 ad
448 4326 660 4403 producendum
675 4334 774 4383 testes.
788 4371 793 4382 .
809 4372 815 4384 .
829 4372 834 4383 .
850 4369 1076 4383 ............
1095 4370 1117 4378 ..
1136 4368 1162 4381 ..
1197 4338 1252 4394 344
