2692 4800
538 310 584 361 ar
609 310 805 363 rumonus.
1131 288 1205 368 217

152 468 189 538 in
216 487 446 538 communem
473 464 690 548 thesaurum,
716 488 822 558 quem
854 467 978 536 cistam
1010 487 1205 557 pauperum

152 591 292 665 vocant,
316 591 354 652 et
376 582 414 650 in
437 578 532 651 illius
560 579 627 650 loci
652 581 740 651 cista
763 583 950 673 pecuniam
977 580 1140 674 deponat,
1166 582 1204 649 in

152 723 223 793 qno
237 697 383 791 jurandi
401 697 535 767 crimen
554 706 610 767 est
626 696 829 768 admissum.
882 697 930 767 Et
947 697 1015 768 hoc
1037 698 1067 767 si
1087 697 1203 768 facere

151 837 303 908 persona
321 837 383 885 rea
398 812 610 907 neglexerit,
629 836 759 883 nomen
776 814 851 906 ejus
872 812 1006 895 abillo,
1025 813 1087 905 qni
1104 813 1204 884 audi·

151 931 232 1012 erit,
247 929 294 1000 ad
315 928 531 999 ordinarium
549 927 737 1010 deferetur,
756 926 810 999 et¹
835 930 864 1000 is
887 929 932 1000 ad
956 950 994 1000 se
1017 949 1201 1022 personam

151 1043 328 1128 evocabit,
357 1056 397 1116 et
424 1042 477 1114 illi
504 1042 616 1137 culpoe
643 1067 783 1136 poenam
814 1044 955 1137 publice
984 1043 1199 1137 implendam

151 1160 374 1253 proscribam
407 1181 474 1230 neo
499 1167 621 1230 tamen
636 1184 660 1231 a
675 1159 813 1232 mulcta
828 1160 1016 1232 duodecim
1042 1160 1202 1232 denario-

152 1297 231 1345 rum
249 1273 469 1345 liberabitur.

408 1469 486 1555 Gap.
502 1490 532 1556 3.
556 1470 675 1535 Formo
686 1470 818 1556 pollice
828 1492 939 1558 pono.

200 1606 351 1678 Publica
374 1630 477 1700 poena
503 1620 637 1678 temere
657 1608 810 1699 jurantis
835 1607 909 1679 haec
934 1608 1011 1690 erit,
1038 1617 1079 1678 ut
1102 1609 1200 1679 nudo

151 1724 266 1816 capite
293 1732 387 1793 astet
411 1734 495 1793 ante
522 1731 742 1816 suggestum,
766 1732 804 1792 et
829 1723 954 1794 altiore
982 1723 1060 1794 loco
1090 1747 1197 1815 qnam

150 1850 232 1910 sunt
263 1840 382 1923 ceteri,
414 1840 588 1931 tantisper
618 1839 730 1910 donee
760 1839 907 1910 homilia
936 1840 993 1910 die
1021 1839 1198 1910 dominico

149 1955 328 2034 recitatur,
358 1962 396 2023 et
430 1952 492 2042 illa
521 1955 721 2034 terminate,
745 1955 866 2025 statim
898 1956 934 2024 in
958 1955 1084 2025 eodem
1119 1953 1198 2025 loco

149 2069 372 2153 confiteatur,
389 2092 427 2140 se
445 2070 658 2140 temeritatis
676 2093 747 2140 suae
765 2070 996 2141 vehementer
1013 2071 1197 2162 poenitere,

149 2208 218 2278 qua
239 2185 316 2255 sine
339 2208 445 2256 causa
463 2187 616 2279 jurando
638 2186 706 2258 Dei
735 2196 956 2258 sacrosancto
982 2186 1125 2256 nomine
1150 2187 1197 2256 sit

148 2300 288 2372 abusus.

373 2447 450 2532 Gap.
465 2469 497 2529 4.
522 2447 640 2511 Formo
655 2445 784 2531 tysim&
791 2446 971 2530 yitrommti.

197 2581 417 2678 Legitimum
435 2593 555 2654 autern
567 2586 812 2676 juramentum
831 2584 873 2653 iis
890 2583 1015 2665 verbis,
1035 2592 1071 2654 et
1090 2582 1196 2653 nullis

147 2695 233 2781 aliis,
260 2703 388 2794 suscipi
413 2701 599 2771 volumus:
641 2698 699 2770 Ita
719 2722 777 2771 me
795 2700 894 2771 Dens
920 2723 982 2792 per
998 2700 1193 2770 Dominum

147 2827 307 2888 nostrum
325 2815 448 2887 Jesum
469 2815 649 2887 Christum
668 2816 823 2907 adjuvet.

427 3004 505 3088 (lap.
519 3022 551 3088 5.
576 3002 758 3087 Perjurium
771 3002 848 3087 quid
860 3001 908 3066 sit.

196 3140 252 3212 Ut
272 3141 408 3211 facilius
424 3165 445 3212 a
462 3140 594 3211 scelere
612 3141 843 3233 perjuriorum
866 3142 988 3211 abesse
1011 3141 1194 3234 possimus,

146 3257 300 3347 primum
331 3255 540 3349 explicanda
567 3255 668 3326 nobis
699 3258 767 3325 erit
797 3257 872 3348 ejus
902 3265 1037 3340 natura,
1066 3257 1193 3328 deinde

145 3371 429 3463 patefaciendum
455 3394 561 3463 quam
591 3373 707 3465 gravis
732 3372 768 3440 in
797 3395 840 3442 eo
868 3373 913 3441 sit
939 3371 1007 3441 Dei
1035 3370 1192 3441 offensio.

146 3485 344 3581 Perjurium
371 3498 491 3558 antem
513 3498 568 3558 est
593 3489 817 3579 mendacium
837 3489 1041 3580 juramento
1067 3489 1192 3558 confir·

144 3612 293 3686 matum,
307 3602 360 3673 vel
373 3605 567 3696 juramenti
586 3603 674 3674 liciti
694 3603 849 3674 violatio.
887 3602 1053 3696 Perjurus
1071 3614 1191 3676 antem

144 3718 172 3790 is
189 3718 351 3802 habetur,
369 3720 429 3811 qui
448 3720 561 3790 sciens
578 3727 616 3789 et
634 3719 813 3810 proposito
831 3717 974 3788 fallendi
986 3719 1191 3808 juramento

144 3857 358 3927 quemquam
385 3834 504 3905 dolose
531 3835 772 3917 circumvenit,
791 3843 853 3904 aut
875 3835 935 3926 qui
953 3834 1075 3904 volens
1094 3835 1192 3924 jura-

142 3962 303 4022 mentum
333 3950 469 4021 licitum
498 3950 615 4032 violat,
645 3960 708 4020 aut
740 3951 798 4042 qui
823 3951 947 4042 jurans
978 3948 1084 4019 verba
1116 3959 1189 4018 tem

142 4067 312 4160 perplexe
338 4067 497 4149 involvit,
515 4077 556 4136 ut
572 4067 766 4159 juramenti
790 4089 913 4137 sensus
933 4088 1003 4134 non
1021 4066 1191 4158 percipia-

143 4194 224 4268 tur3
261 4193 385 4255 contra
420 4207 524 4276 quarn
555 4183 715 4254 fraudem
746 4183 836 4253 hano
863 4181 1021 4275 regulam
1052 4203 1191 4274 semper

604 4318 724 4378 letam.
