2692 4800
527 320 801 389 APPume.
1124 320 1186 382 341

185 506 254 564 233,
274 506 319 560 14.
339 487 453 547 titulum
472 498 502 546 et
515 489 596 565 regni
611 507 715 546 annum
731 487 779 545 Cr.
795 485 905 544 instead
928 484 960 541 ol
979 493 1008 542 et
1028 483 1111 559 regni
1128 484 1190 558 ejus

144 605 248 643 nomen

184 714 224 725 -
245 701 287 758 ¹9·
309 683 450 757 scriptura
467 727 491 740 ..
508 682 718 757 ..exprimatur
732 680 825 738 added
840 680 877 756 by
892 678 941 737 Cr.

187 797 255 854 235.
274 781 319 836 16.
341 781 421 837 After
435 789 596 855 suspectum
610 780 660 836 the
672 777 741 836 MS.
753 779 806 836 has
819 778 896 835 what
909 776 1030 840 follows,
1044 775 1143 833 erased
1153 776 1191 851 by

146 878 195 935 Cr.
240 876 386 951 Scriptura
408 877 500 934 alieno
524 875 618 952 sigillo
640 876 762 951 signata.
806 874 954 952 Scriptura
980 873 1073 931 alieno
1098 872 1192 948 sigillo

146 973 256 1030 munita
266 993 323 1030 non
340 975 477 1031 minorem
491 973 560 1030 facit
573 973 668 1037 fidem,
679 991 763 1047 quam
777 973 801 1028 si
816 971 929 1048 proprio
943 980 1018 1028 esset
1033 970 1191 1045 obsignata,

147 1071 170 1127 si
185 1072 240 1127 hoc
254 1071 347 1148 ipsum
362 1079 392 1128 et
406 1089 491 1128 causa
503 1071 533 1127 in
548 1070 647 1127 eadem
661 1069 844 1144 exprimatur.

112 1160 125 1185 ⁹
187 1199 226 1212 -
244 1169 291 1225 16.
314 1169 475 1245 improbare
503 1167 574 1225 MS.
588 1167 735 1224 confutare

189 1266 258 1339 236,
273 1283 333 1340 cap.
350 1283 395 1340 15.
428 1266 506 1323 Here
524 1265 574 1322 the
596 1266 662 1323 MS.
676 1265 729 1322 has
743 1265 821 1321 what
837 1263 956 1330 follows,
971 1263 1070 1322 erased
1090 1263 1127 1339 by
1141 1263 1193 1320 Or.

148 1363 221 1419 Cum
237 1363 432 1421 instrumentis
447 1383 504 1420 non
525 1362 778 1421 intervenientibus
794 1362 870 1420 sacta
882 1369 945 1419 rata
957 1374 1079 1428 maneat,
1094 1380 1194 1420 conse·

147 1471 267 1536 quanter
281 1461 392 1518 amissis
406 1480 468 1536 quae
482 1462 710 1527 immerserant,
723 1481 781 1518 non
795 1460 857 1518 tolli
870 1460 1057 1519 substantiam
1069 1461 1196 1519 veritatis

148 1559 263 1634 placuit.
305 1558 420 1616 Statum
434 1568 514 1616 tuum
536 1559 623 1616 natali
643 1559 818 1634 professione
833 1558 945 1634 perdita
958 1578 1017 1617 non
1031 1579 1093 1618 esse
1107 1561 1194 1618 muti-

147 1659 247 1723 latum,
262 1659 286 1715 si
300 1658 421 1715 eundem
436 1658 518 1715 aliter
531 1659 651 1733 probare
666 1657 783 1733 poteris,
799 1656 869 1714 certi
880 1657 953 1731 juris
967 1667 1020 1714 est.
1050 1657 1081 1714 Si
1096 1658 1195 1715 adver-

149 1757 240 1814 sarius
253 1767 319 1816 tuus
333 1757 409 1832 apud
422 1764 486 1814 acta
499 1756 636 1832 praesidis,
652 1775 716 1814 cum
730 1756 801 1813 fides
819 1754 1000 1813 instrumenti
1014 1755 1088 1830 quod
1102 1754 1196 1830 profe-

149 1855 231 1912 rebat
252 1854 281 1911 in
304 1854 419 1912 dubium
439 1863 628 1919 revocaretur,
644 1873 702 1911 non
724 1872 839 1910 usurum
860 1871 891 1910 se
907 1860 1027 1909 testatus
1039 1861 1092 1915 est,
1107 1851 1198 1908 vereri

150 1971 207 2009 non
219 1953 306 2011 debes
318 1972 354 2009 ne
368 1971 403 2009 ex
418 1971 453 2009 ea
466 1953 614 2027 scriptura,
627 1971 711 2026 quam
726 1970 784 2008 non
799 1968 861 2008 esse
872 1968 969 2007 veram
983 1949 1069 2007 etiam
1083 1969 1119 2006 ex
1133 1968 1197 2024 pro·

151 2049 274 2108 sessione
288 2051 350 2125 ejus
364 2049 532 2113 constiterit,
548 2049 694 2124 negotium
711 2050 803 2106 denuo
817 2055 982 2126 repetatur..

194 2165 261 2221 237,
277 2148 371 2223 capita
387 2166 432 2224 ¹9·
448 2165 496 2204 1ο.
515 2163 561 2203 11.
583 2146 675 2203 added
691 2146 727 2222 by
743 2145 793 2203 Cr.

194 2263 262 2319 243.
287 2245 330 2302 De
352 2245 494 2302 Testibus.
531 2244 565 2301 ln
587 2243 636 2301 the
661 2244 772 2318 margin
796 2244 824 2299 in
847 2240 924 2300 Cr.'s
945 2243 1040 2301 hand:
1064 2242 1121 2299 For
1142 2242 1198 2298 Mr.

152 2342 277 2400 Morres.

192 2457 296 2496 -1r.
318 2438 354 2494 de
383 2434 449 2493 MS.
463 2443 494 2493 et

195 2551 263 2610 245,
282 2535 325 2592 16.
348 2541 418 2591 aetas
431 2533 567 2608 cognatio
580 2533 723 2609 totiusque
737 2534 803 2591 vita
817 2535 909 2593 added
922 2536 960 2612 by
976 2535 1025 2593 Cr.

196 2632 263 2706 146,
282 2650 327 2689 11.
350 2631 509 2706 deponatur
536 2630 602 2689 MS.
617 2632 762 2706 deponant

197 2745 265 2802 247,
280 2747 329 2784 20.
352 2727 438 2785 After
452 2747 537 2785 causa
551 2729 600 2785 the
614 2728 682 2786 MS.
697 2729 750 2786 has
763 2729 840 2786 what
854 2730 974 2795 follows,
987 2729 1085 2788 erased
1100 2729 1138 2806 by
1149 2728 1200 2786 Cr.

154 2829 288 2884 Ceterum
317 2825 410 2900 quoad
437 2826 493 2882 hoc
516 2827 750 2883 consuetudinem
774 2826 910 2901 cujusque
937 2826 1090 2902 provinciae
1118 2826 1201 2902 regni

154 2923 245 2984 nostri
260 2923 353 2998 quoad
367 2932 455 2980 testes
470 2923 630 2981 evocandos
644 2923 787 2981 observari
801 2924 989 2999 praecipimus.

197 3023 264 3097 248,
279 3041 307 3100 9.
329 3021 412 3080 After
426 3021 475 3098 qui
488 3019 554 3079 MS.
570 3022 653 3080 reads
671 3040 723 3097 per
737 3021 790 3079 has
810 3022 889 3097 leges
910 3031 1023 3079 nostras
1044 3021 1144 3080 erased
1163 3022 1202 3098 by

157 3122 207 3178 Cr.

199 3232 266 3296 ²5⁰·
282 3238 311 3276 1.
333 3219 415 3277 istius
443 3218 510 3278 MS.
525 3219 614 3297 ipsius

196 3348 235 3361 -
252 3335 298 3374 12.
320 3316 485 3393 produxerit
512 3317 576 3374 MS.
589 3319 724 3392 produxit

199 3430 266 3489 151,
287 3433 331 3473 ro.
354 3416 551 3490 volumusque
564 3415 612 3473 Cr.
628 3415 740 3474 instead
753 3416 786 3472 of
797 3416 926 3474 volentes

198 3530 266 3588 253,
282 3529 310 3587 5.
333 3514 593 3587 reprobatoriorum
622 3514 688 3572 MS.
703 3514 929 3590 reprobatiorom

200 3642 236 3654 -
256 3611 300 3668 18.
323 3612 405 3668 After
419 3612 497 3668 dicto
512 3609 578 3669 MS.
594 3612 646 3669 has
656 3613 741 3686 juxta
754 3627 866 3671 veteres
879 3613 958 3688 leges
973 3610 1072 3668 erased
1087 3609 1125 3687 by
1140 3608 1189 3668 Cr.

201 3725 267 3783 259,
283 3710 311 3767 6.
334 3709 506 3767 sententiam
536 3709 602 3766 MS.
617 3729 675 3766 om.

200 3807 267 3872 260,
281 3809 389 3883 penult.
411 3807 520 3882 priores
534 3807 627 3864 added
641 3808 679 3884 by
694 3807 725 3865 P.
736 3807 779 3864 M.

201 3905 268 3970 261,
289 3923 333 3981 ¹9·
356 3906 409 3963 nisi
428 3951 453 3964 ..
468 3906 659 3981 ..possidere
703 3905 737 3963 ln
748 3907 797 3964 the
812 3906 924 3982 margin
939 3905 963 3961 is
977 3903 1035 3962 this
1048 3911 1116 3961 note
1129 3903 1203 3961 from

158 4002 188 4059 P.
201 4002 242 4058 M.
263 4002 323 4058 lata
335 4021 393 4059 non
407 4003 513 4060 faciunt
528 4003 564 4059 ad
578 4003 682 4077 legem.

201 4101 332 4164 161,1ο.
353 4098 498 4176 Marginal
520 4111 587 4159 note
608 4101 646 4177 by
662 4099 696 4157 P.
706 4099 749 4156 M.
772 4101 845 4158 Puto
866 4101 902 4159 de
922 4098 1130 4158 visitationibus
1149 4095 1205 4154 hoo

157 4199 232 4255 idem
247 4199 450 4273 propemodum
464 4198 572 4257 haberi.

202 4298 270 4368 263,
285 4297 314 4353 6.
336 4297 476 4371 rumpitur
503 4295 571 4356 MS.
584 4294 801 4372 interrumpitur
