2692 4800
491 305 540 355 nn
563 302 817 354 nazaraenus.
1120 287 1190 358 147

150 457 201 530 tel
231 458 521 530 administrorum
550 459 698 530 avaritia
732 459 811 551 plus
840 460 883 528 ad
915 481 952 528 se
983 458 1192 527 derivarent

151 597 252 668 quam
282 596 348 644 nos
373 574 636 668 assignavimus,
666 581 705 643 et
734 595 869 644 merces
896 574 1049 666 primum
1080 572 1193 640 omnis

149 692 221 785 ipse
247 688 465 772 detrahatur,
487 689 616 760 deinde
634 691 775 784 jactura
800 689 972 760 ferientur
999 688 1122 758 docem
1153 685 1194 756 li-

149 807 301 888 brarum,
329 805 528 899 dequibus
557 805 743 877 dimidium
778 807 815 875 iu
845 805 969 876 cistam
1000 824 1194 898 pauperum
1205 823 1245 890 70

145 925 301 1005 secedet,
319 921 493 1015 reliquum
509 923 554 993 ad
573 945 655 992 eum
676 923 869 1015 perveniet,
887 922 988 1015 cnjus
1010 922 1195 1015 negotium

145 1040 230 1126 fuit,
248 1040 277 1111 si
295 1061 374 1110 reos
390 1038 506 1110 iecere
524 1037 610 1108 velit
627 1048 665 1108 et
682 1060 823 1108 cansam
835 1039 918 1131 jure
935 1039 1126 1131 persequi„

144 1226 227 1313 Gap.
245 1246 297 1293 21.
322 1225 468 1292 Heredes
481 1225 531 1291 cel
543 1225 805 1290 administratores
819 1224 914 1290 roem
930 1225 1081 1289 indieem¹
1091 1223 1187 1306 fidem

566 1327 654 1413 requei
666 1326 777 1391 debere.

201 1458 358 1553 AEquuun
380 1480 452 1529 non
478 1465 533 1528 cst
549 1466 592 1527 nt
609 1456 665 1528 vel
683 1457 838 1527 heredes
856 1456 912 1526 vel
939 1457 1112 1527 bonorum
1138 1458 1199 1527 ad·

147 1576 406 1648 ministratores
430 1573 510 1666 plus
534 1573 704 1645 exhibere
730 1581 912 1667 cogantur,
933 1596 1038 1666 qnam
1065 1575 1101 1643 in
1129 1572 1199 1643 illis

145 1693 290 1786 scriptis
306 1690 490 1784 reperitur,
504 1712 592 1782 quos
608 1690 742 1761 indices
760 1689 918 1773 dicimus,
932 1692 960 1760 si
979 1699 1097 1761 tamen
1116 1690 1199 1782 ipsis

152 1808 327 1881 iudicibus
343 1805 449 1900 plene
463 1805 552 1877 fides
569 1806 777 1876 constiterit.

155 1998 232 2084 esp.
247 2014 300 2064 rr.
317 1993 480 2061 mitte-‘0
493 2016 562 2060 erm
575 1995 708 2060 euocet
722 1995 759 2060 de
772 2004 945 2060 eramento
960 1995 1008 2061 el
1020 1995 1199 2073 leodien,

508 2097 586 2184 quid
596 2098 779 2184 sequendam
793 2097 843 2161 rit.

204 2230 326 2316 Quum
343 2251 409 2300 nec
427 2228 472 2298 de
489 2230 696 2300 testamenti
716 2230 881 2322 pondere,
900 2251 966 2298 nec
983 2230 1029 2300 dc
1046 2234 1202 2323 personis

153 2346 211 2439 qui
243 2346 417 2417 bonorum
446 2345 491 2416 ad
522 2346 801 2416 moderationem
833 2346 1024 2417 adhibendi
1054 2348 1135 2430 sint,
1165 2349 1202 2418 in

157 2461 395 2534 ecclesiastico
420 2461 496 2531 foro
515 2463 597 2554 jure
623 2463 732 2555 possit
758 2470 929 2544 constare,
940 2462 1067 2553 judea,
1084 2470 1126 2534 ut
1151 2464 1203 2534 in-

159 2580 260 2651 terim
287 2578 333 2650 de
357 2577 587 2649 facultatibus
612 2577 702 2649 nihil
729 2578 927 2662 intercidat,
948 2577 1027 2650 illas
1052 2580 1203 2650 lidorum

157 2704 418 2789 sequestrorum
441 2696 611 2766 custodiae
639 2696 852 2779 committet,
870 2698 983 2766 donec
1007 2695 1141 2788 aliquid
1167 2695 1204 2765 iu

158 2814 199 2885 iis
226 2813 333 2884 rebus
365 2812 453 2882 certi
484 2813 596 2904 possit
630 2810 792 2906 intelligi.
864 2810 988 2882 Haeres
1021 2822 1141 2883 nutem
1175 2814 1203 2884 si

158 2939 299 3023 tempus
320 2927 366 3000 ad
383 2928 612 3022 cogitandum
633 2929 833 3021 sumpserit,
851 2951 917 2998 nec
941 2930 1061 2998 statim
1085 2929 1205 3000 credat

158 3047 340 3141 negotium
376 3055 450 3116 tam
483 3043 705 3137 implicatum
741 3044 870 3116 debere
912 3045 1052 3138 suscipi,
1086 3044 1206 3117 literas

158 3162 351 3234 ordinarius
368 3159 420 3232 illi
437 3170 538 3232 curet
555 3162 692 3246 confici,
705 3184 854 3255 querum
872 3161 1089 3233 authoritate
1107 3161 1206 3232 dissi-

158 3285 258 3372 patas
283 3275 463 3348 testatoris
488 3275 677 3348 facultates
702 3276 907 3371 recolligere
932 3277 1065 3370 possit;
1100 3278 1205 3348 modo

157 3394 296 3487 scriptis
320 3391 481 3488 legitime
498 3401 643 3465 cautum
669 3395 725 3476 sit,
744 3404 784 3462 ut
804 3394 917 3464 haeres
943 3416 1005 3464 sex
1030 3393 1206 3463 mensium

157 3509 272 3602 spatio
298 3510 457 3602 proxime
482 3518 833 3601 consequuturornm,
852 3509 1024 3579 rationem
1047 3509 1205 3577 omnium

159 3647 275 3695 rernm
298 3624 425 3695 reddat
445 3623 519 3695 ullo
531 3625 615 3717 jure
632 3624 811 3695 testatoris
827 3647 849 3694 a
865 3647 902 3694 se
920 3622 1205 3715 conquisitorum,

159 3764 224 3813 nce
259 3762 361 3813 secus
390 3742 435 3812 ed
469 3764 554 3835 opos
584 3741 763 3811 testatoris
790 3741 1059 3811 contrectandas
1086 3739 1207 3822 intret,

159 3858 226 3930 nisi
252 3856 409 3951 perfecto
435 3848 608 3930 bonorum
634 3858 792 3927 omnium
824 3859 1028 3949 incorrupto
1054 3878 1207 3948 veroque

160 3975 287 4058 indice,
314 3996 358 4046 eo
385 3976 491 4046 modo
520 3997 590 4068 quo
620 3974 725 4068 paulo
754 3983 837 4044 aute
867 3982 922 4043 est
951 3973 1205 4066 prescriptum.

161 4089 267 4164 Hanc
282 4091 392 4163 etiam
410 4093 583 4163 rationem
601 4093 902 4162 administratores
925 4096 1127 4183 aequentur,
1145 4089 1206 4181 qui

161 4209 235 4279 sine
253 4208 476 4279 testamentis
493 4209 536 4279 ed
556 4207 737 4277 hominum
757 4205 946 4277 facultates
963 4205 1205 4278 admoventur.

549 4342 556 4381 ¹
572 4347 664 4404 solum
679 4347 823 4403 indicium.

656 4450 718 4516 nt

1251 4342 1322 4520 Ι
