2692 4800
202 253 224 317 2
512 265 561 315 os
586 265 714 317 sunus
739 265 934 317 rurumsrs
1271 234 1300 318 c.

202 421 379 515 potentiae,
407 421 588 513 sapientie
613 428 652 491 et
681 419 860 504 bonitatis,
878 429 1074 493 creatorem
1102 428 1142 493 et
1168 444 1254 493 con·

202 544 416 608 servatorem
443 535 600 607 omnium
628 559 744 607 rerum
771 543 848 606 tum
874 536 1066 607 visibilium
1092 545 1173 607 tum
1198 538 1253 607 in·

204 652 415 724 visibilium:
447 663 486 723 et
517 652 555 722 in
584 653 724 724 unitate
754 654 830 746 ejus
856 654 983 724 divinae
1011 662 1148 725 naturae
1180 663 1254 725 tres

204 793 280 843 esse
306 792 480 863 personas,
502 771 661 863 ejusdem
688 771 852 842 essentiae
878 793 919 841 sc
944 770 1166 854 aeternitatis,
1185 768 1255 842 Ps-

204 896 307 967 trem,
326 884 468 969 Filium,
485 895 523 956 et
547 886 721 979 Spiritum
744 895 926 957 sanetum:
954 885 1100 958 Patrem
1124 909 1211 959 vero
1232 910 1257 958 s

204 1011 317 1103 seipso
343 989 438 1091 esse,
456 1032 522 1080 nec
548 1009 593 1079 ab
618 1006 689 1079 ulio
715 1029 894 1100 quoquam
921 1006 977 1077 vel
1005 1007 1168 1101 generari
1197 1005 1256 1077 vel

204 1127 417 1220 procedere:
458 1135 496 1197 et
531 1124 662 1195 Filium
696 1125 841 1217 quidem
875 1147 897 1194 a
927 1121 1035 1195 Patre
1068 1123 1255 1218 generari:

205 1243 378 1336 Spiritum
402 1252 565 1314 sanctum
584 1264 666 1311 vero
687 1249 726 1311 et
748 1239 893 1312 aPatre
917 1249 955 1311 et
975 1263 997 1311 a
1017 1239 1110 1313 Filio
1132 1263 1258 1334 proce·

206 1360 310 1431 dere:
336 1382 402 1429 uec
428 1357 536 1429 ullam
562 1368 696 1428 naturae
722 1358 963 1428 diversitatem
988 1365 1051 1428 aut
1074 1357 1258 1451 inaequali-

206 1487 319 1549 tatem
332 1479 367 1547 iu
387 1478 454 1548 ista
470 1499 696 1570 personarum
715 1475 942 1546 distinctione
955 1474 1124 1569 poui,sed
1135 1476 1256 1568 quoad

205 1596 452 1678 substantiam,
463 1592 531 1677 vel,
546 1603 588 1664 ut
599 1593 737 1674 dieunt,
747 1592 935 1663 essentiam
950 1591 1119 1678 divinam,
1134 1593 1258 1664 omnis

204 1712 300 1782 inter
317 1734 377 1782 eos
394 1712 492 1804 paria
510 1719 547 1780 et
565 1707 714 1802 aequalia
730 1730 818 1778 esse.

280 1934 358 2019 Gap.
376 1954 406 2019 3.
430 1934 480 1996 Da
494 1931 614 1996 Christo
628 1938 657 1996 at
670 1930 819 2015 mysteriis
833 1940 943 1995 oodroe
957 1930 1180 2016 redemptiones.

256 2056 431 2127 Credatur
448 2056 569 2136 etiam,
593 2077 674 2124 cum
694 2053 848 2123 venisset
867 2052 1052 2144 plenitudo
1073 2054 1258 2147 temporis,

206 2171 343 2242 Filium
354 2171 417 2263 qui
431 2180 486 2242 est
496 2170 656 2241 Verbum
671 2168 798 2252 Patris,
812 2171 848 2239 in
862 2178 966 2240 utero
979 2171 1096 2240 beatas
1110 2171 1259 2264 virginis

209 2285 345 2368 Mariae,
359 2308 405 2356 ex
420 2285 528 2378 ipsius
541 2286 654 2356 carnis
671 2285 878 2369 substantie,
889 2295 1051 2357 naturam
1062 2285 1258 2357 humanam

207 2401 445 2494 assumpsisse,
464 2402 516 2470 ita
540 2408 583 2469 ut
608 2401 689 2470 duae
715 2410 860 2482 naturae,
883 2400 1002 2472 divina
1027 2409 1065 2471 et
1089 2400 1257 2484 humans,

206 2519 345 2612 integre
362 2526 471 2610 atque
488 2517 646 2610 perfecte
664 2519 699 2587 in
718 2517 856 2587 unitate
874 2517 1188 2610 personae,f11eriut
1205 2519 1259 2589 in·

206 2635 357 2728 sepsrsb
367 2633 464 2703 iliter
474 2634 686 2724 conjunctae:
710 2656 756 2703 ex
770 2634 898 2726 quibus
907 2658 1001 2705 unus
1014 2643 1069 2706 est
1078 2633 1256 2717 Christus,

208 2773 313 2821 verus
344 2748 444 2820 Deus
474 2760 512 2820 et
542 2771 645 2821 verus
675 2749 801 2819 bomo:
838 2751 898 2842 qui
929 2773 1011 2820 vere
1041 2772 1162 2842 passus
1189 2760 1259 2837 est,

208 2866 409 2949 crucifixus,
426 2872 587 2936 mortuus
604 2874 641 2935 et
659 2864 829 2957 sepultus,
847 2865 1030 2936 descendit
1052 2867 1097 2937 ad
1115 2867 1260 2952 inferos,

209 3007 251 3054 ac
268 2985 374 3054 tertia
388 2983 445 3053 die
458 2984 660 3063 resurrexit,
674 2982 845 3074 nobisque
858 3005 1035 3075 persuum
1049 2984 1260 3077 sanguinem

210 3099 449 3171 reconciliavit
468 3099 621 3181 Patrem,
646 3121 722 3169 sese
748 3098 898 3170 hostiam
926 3098 1076 3171 offerens
1100 3098 1164 3183 illi,
1189 3124 1263 3172 uon

211 3217 325 3288 solum
349 3239 412 3308 pro
435 3213 540 3307 culpa
559 3215 712 3308 originis,
732 3238 854 3284 verum
879 3217 986 3287 etiarn
1008 3239 1072 3308 pro
1096 3216 1263 3289 omnibus

211 3334 366 3426 peccatis
383 3355 460 3424 quae
479 3332 639 3402 homines
656 3333 796 3424 propris
815 3331 998 3403 voluntate
1015 3332 1236 3424 adjecerunt.

264 3571 340 3656 Gap.
354 3592 389 3652 ·4.
415 3570 592 3636 Deductus
611 3571 727 3638 otmar·
740 3574 860 3637 naturis
871 3583 939 3658 post
953 3572 1210 3639 remeassem.

263 3692 438 3764 Credatur
471 3695 558 3764 item
590 3693 765 3764 Dominus
798 3704 919 3766 noster
946 3693 1053 3767 Jesus
1087 3693 1264 3781 Christus,

215 3807 323 3877 etiam
347 3818 427 3900 post
449 3810 750 3891 resurrectionem,
773 3810 904 3902 duplici
928 3820 1055 3882 natura
1077 3820 1264 3898 constare3

215 3923 334 3994 divina
355 3924 509 4016 quidem,
527 3926 708 4008 immensa,
725 3927 1038 4021 incircumscripta,
1056 3937 1094 4000 et
1111 3928 1265 4017 infinite,

216 4064 292 4133 quae
321 4041 453 4132 ubique
480 4043 526 4112 sit
559 4053 596 4112 et
626 4044 745 4113 onmia
778 4045 945 4137 irnplest3
983 4045 1138 4115 humanu
1168 4069 1293 4132 ver0,2

216 4158 317 4227 linita
330 4170 366 4228 et
380 4160 555 4251 descripta
568 4158 712 4230 humani
727 4163 880 4254 corporis
893 4164 1053 4233 terminis
1070 4186 1111 4233 ac
1122 4161 1263 4250 finibus,

216 4296 294 4365 qua,
307 4284 491 4367 postquam
505 4286 652 4367 peccata
668 4285 787 4346 nostra
798 4279 1091 4370 perpurgavisset,
1104 4280 1141 4349 in
1155 4280 1263 4352 coelos
