2640 4806
281 321 330 372 nu
346 320 488 373 omnmo
504 320 554 372 un
572 321 848 374 Jumsmcnonn
863 321 1038 375 cumcun.
1114 307 1185 381 199

222 572 449 656 Poenoyiidicw
459 572 741 657 umescant&
756 575 933 639 sententiam
947 573 1101 657 injuciam.

183 710 307 780 Judex
340 711 432 803 parti
465 711 509 781 ad
544 711 714 781 interesse
753 719 905 794 tenetur,
940 711 969 781 si
1003 711 1186 782 evidenter

131 841 304 922 arguatur
337 829 413 920 ejus
446 829 624 899 sententia
654 826 710 897 vel
743 827 868 920 gratia,
897 825 955 899 vel
988 827 1185 911 inimicitia,

132 943 192 1014 vel
223 945 332 1015 etiam
361 944 521 1016 sordibus
551 944 644 1015 lata:
681 952 768 1014 tunc
795 942 966 1026 volumus,
994 952 1037 1013 nt
1067 965 1185 1014 veram

132 1060 405 1132 aestimationem
428 1060 501 1131 litis
523 1068 688 1153 praestare
711 1067 867 1154 cogatur.

228 1261 350 1328 Aduena
365 1262 580 1328 contumaciter
592 1285 652 1328 uon
666 1272 707 1327 cst
720 1261 891 1327 audiendae
905 1262 935 1329 ci
950 1261 1087 1349 appellet.

184 1401 379 1473 Sciendum
403 1412 458 1474 est
481 1425 527 1474 ex
547 1404 785 1497 peremptorio
809 1403 993 1475 absentem
1017 1403 1185 1474 condem-

133 1533 271 1602 natum,
298 1521 327 1592 si
357 1521 523 1614 appellet,
555 1544 626 1593 non
656 1544 733 1592 esse
763 1522 993 1605 audiendum,
1018 1523 1047 1593 si
1076 1522 1184 1592 modo

132 1660 198 1730 per
218 1639 479 1709 contumaciam
503 1638 678 1720 defuerit3
704 1638 757 1708 sin
781 1637 906 1720 minus,
924 1639 1098 1709 audietur.

494 1850 543 1912 Dc
556 1846 689 1949 condem
703 1845 828 1910 adultis.

192 1985 286 2057 Eum
315 1988 376 2079 qui
405 1986 452 2057 ad
487 1994 630 2057 aetatem
658 1984 820 2056 adultam
849 1987 1061 2078 pervenerit,
1091 1993 1129 2057 et
1163 2008 1185 2056 a

134 2104 313 2174 tutoribus
342 2101 532 2175 liberatus2
561 2105 616 2174 sui
640 2103 730 2195 juris
759 2124 835 2173 esse
867 2103 1024 2195 coeperit,
1055 2124 1118 2195 per
1147 2124 1185 2173 se

134 2228 198 2290 aut
214 2241 279 2311 per
300 2227 563 2312 procuratorem
577 2220 755 2312 judicium
778 2218 954 2311 suscipere
973 2240 1075 2310 posse
1096 2221 1186 2290 certi

128 2334 221 2425 juris
251 2344 317 2405 est.
373 2331 428 2404 At
452 2336 544 2406 infra
568 2335 605 2404 id
636 2343 788 2426 tempus,
813 2330 896 2426 per³
925 2354 963 2403 se
987 2355 1093 2427 agere
1122 2344 1186 2406 aut

135 2450 327 2520 defendere
360 2472 433 2522 non
468 2451 610 2543 poterit,
640 2451 701 2520 sed
733 2473 796 2541 per
825 2457 961 2520 tutores
994 2451 1070 2542 ejus
1103 2451 1184 2522 lites

136 2563 234 2651 (cum
255 2565 459 2650 inciderint)
482 2566 721 2660 agitabuntur.

518 2896 801 2908 ———-—--

186 3121 255 3192 DE
286 3120 491 3194 OFFICIO
521 3121 586 3193 ΕΤ
611 3122 1010 3196 JURISDICTIONE
1038 3123 1136 3198 OM-

448 3254 593 3327 NIUM
623 3254 870 3329 JUDIOUM.

379 3465 564 3532 Jorodictio
577 3465 742 3532 ordinario
756 3477 783 3532 ct
797 3467 943 3555 debeata.
1048 3475 1050 3478 ⁴

201 3606 300 3677 Inter
333 3607 619 3699 jurisdictionem
658 3607 870 3678 ordinariam
908 3617 947 3679 et
984 3608 1184 3704 delegatam

134 3721 204 3792 hoo
229 3723 386 3806 interest,
404 3724 498 3816 qnod
522 3723 698 3794 ordinaria
721 3724 779 3794 vel
805 3723 894 3819 lege,
912 3724 969 3795 vel
990 3724 1184 3819 privilegio,

134 3840 391 3931 compositione
425 3847 488 3910 aut
523 3839 791 3923 consuetudine,
823 3840 989 3936 delegata
1022 3863 1106 3911 vero
1139 3840 1185 3911 ab

134 3951 279 4025 homine
296 3955 402 4026 datur
418 3964 457 4026 et
474 3957 691 4026 conceditur.

301 4113 308 4153 ¹
323 4116 457 4175 ferentes.
594 4115 607 4155 ²
620 4119 795 4176 liberatores.
933 4118 946 4156 ⁸
959 4140 1020 4196 pro.
