2692 4800
522 306 571 355 nn
598 304 817 356 annuamus.
1150 290 1195 355 la

146 465 292 558 possint,
319 472 357 533 et
383 465 426 533 nd
450 463 541 533 hanc
567 486 640 533 rern
665 463 787 532 missas
809 460 981 531 exhibent
1007 462 1043 530 in
1069 460 1196 552 quihus

145 580 357 651 sacrificium
371 580 451 650 Deo
466 578 564 650 Patri
581 579 730 649 creduut
747 576 907 648 oblatum
925 598 1011 658 esse,
1029 576 1194 645 nimirum

146 719 274 790 eorpus
309 705 347 766 et
381 696 587 789 sanguinem
619 696 763 765 Domini
798 694 906 763 nostri
941 692 1027 762 Jesu
1063 690 1192 762 Christi

147 834 241 894 vere,
273 811 523 904 quomodoque
556 810 607 880 illi
642 812 766 880 dicunt
797 808 946 888 realiter,
976 807 1019 877 ad
1055 806 1193 876 veniam

147 938 376 1021 peceatorum
402 928 672 1020 impetrandam,
699 938 736 996 et
762 925 913 995 salutem
939 937 1012 993 tam
1039 933 1196 992 mortuo·

146 1069 226 1115 rum
269 1068 374 1138 quarn
416 1045 576 1114 vivorum
611 1043 888 1135 procurandam;
924 1040 1052 1132 quibus
1086 1038 1194 1110 etiarn

146 1159 317 1256 regnum¹
344 1170 418 1232 tam
444 1160 556 1231 latum
583 1162 669 1230 dant
694 1167 736 1229 ut
761 1158 831 1228 illis
859 1156 1047 1250 aliqnando
1073 1156 1195 1238 minui,

147 1300 402 1370 nonnunquam
429 1277 572 1347 omnino
599 1275 676 1345 tolli
703 1274 894 1368 purgatorii
923 1281 1099 1343 tormenta
1126 1281 1197 1342 stu-

148 1403 264 1466 tnant.
326 1393 407 1478 Qua
432 1394 469 1463 in
495 1418 533 1463 re
558 1394 768 1464 sacrificium
798 1391 885 1461 illud
914 1393 1057 1462 unicum
1086 1391 1195 1483 (quod

148 1511 312 1582 Christus
330 1509 399 1581 Dei
418 1509 529 1580 Filius
546 1511 582 1579 in
601 1533 703 1579 cruce
721 1506 799 1578 Deo
819 1505 916 1577 Patri
935 1506 1197 1599 repraesentavit

148 1638 186 1696 et
203 1624 406 1718 plenissime
424 1625 601 1715 exhibuit)
620 1625 763 1718 largiter
783 1623 1010 1706 imminuunt,
1028 1633 1065 1692 et
1085 1646 1198 1693 sacer-

149 1741 289 1812 dotium
303 1742 398 1834 quod
415 1741 519 1811 nnius
533 1740 662 1811 Christi
681 1741 859 1833 proprium
878 1748 944 1822 est,
957 1740 1000 1809 ad
1020 1740 1199 1810 miserabi-

148 1855 221 1927 lem
239 1856 425 1927 hominum
443 1858 682 1929 conditionem
700 1855 904 1926 devolvunt.
936 1855 1074 1927 Verum
1092 1878 1197 1926 sacrae

150 1971 343 2066 Scripturae
356 1971 467 2044 solam
481 1973 611 2043 Christi
624 1983 776 2043 mortem
792 1972 893 2043 nobis
910 1969 973 2042 ad²
986 1971 1197 2042 delictorum

148 2090 397 2183 purgationem
424 2100 614 2169 reservant,
631 2111 698 2158 neo
724 2087 836 2158 ullum
862 2097 1000 2181 ponunt
1025 2087 1121 2157 alind
1146 2110 1199 2157 sa-

149 2207 321 2277 crificinm
353 2208 446 2300 qnod
477 2208 521 2277 ad
547 2205 639 2276 hanc
669 2228 743 2276 rem
767 2205 884 2275 valere
910 2205 1030 2298 possit,
1056 2205 1128 2274 imo
1154 2204 1198 2274 de

150 2325 354 2417 purgatorio
388 2346 471 2393 sane
506 2325 659 2416 ipsorum
695 2345 740 2392 ne
778 2346 848 2392 uua
882 2322 1026 2414 quidem
1066 2321 1199 2415 syllaba

150 2440 258 2510 sacris
274 2441 310 2509 in
329 2438 520 2533 Scripturis
537 2438 725 2508 invenitur.

231 2626 309 2713 Cap.
325 2648 372 2691 11.
397 2629 445 2692 Do
459 2626 680 2691 incredulorum
694 2637 722 2692 et
735 2627 898 2712 impiorum
911 2626 1114 2693 darnnotiono.
1209 2656 1226 2721 7

194 2742 384 2814 Honibilis
397 2753 452 2813 est
465 2752 502 2813 et
515 2740 699 2815 immanis³
714 2741 855 2812 illorum
869 2742 1027 2826 audacia,
1040 2743 1101 2833 qui
1115 2765 1199 2813 con-

150 2862 306 2931 tendunt
329 2861 483 2929 inomni
506 2861 675 2955 religione
700 2859 755 2930 vel
777 2869 884 2940 secta,
908 2881 1014 2950 qnam
1037 2858 1199 2931 homines

151 2976 298 3071 professi
314 2975 457 3058 fuerint,
475 2977 626 3047 salntem
647 2977 717 3047 illis
740 2998 816 3046 esse
839 2975 1057 3068 sperandam,
1075 2976 1102 3045 si
1122 2985 1199 3045 tan·

150 3105 230 3164 tum
250 3095 296 3164 ad
313 3093 551 3163 innocentiam
570 3103 608 3164 et
625 3094 867 3186 integritatem
887 3092 971 3162 vitae
988 3116 1050 3185 pro
1068 3092 1200 3163 viribus

150 3212 333 3282 enitantur
346 3210 454 3302 juxta
477 3209 608 3293 lumen,
632 3210 728 3302 quod
751 3207 822 3278 illis
846 3208 1012 3301 pnulueet
1032 3233 1053 3280 a
1073 3221 1200 3280 natura

150 3328 320 3398 infusum.
365 3326 598 3397 Anthoritate
615 3349 697 3397 vero
715 3349 890 3397 sacrarum
910 3327 1090 3398 literarum
1114 3350 1199 3398 con-

151 3445 231 3515 fixae
248 3455 332 3515 suut
349 3444 549 3535 hujusmodi
568 3452 696 3536 pestes.
742 3442 867 3513 Solum
885 3444 980 3514 enim
999 3454 1036 3516 et
1053 3445 1197 3515 unicum

151 3560 199 3630 ibi
218 3559 306 3630 Jesu
326 3560 457 3638 Christi
481 3583 611 3631 nornen
635 3560 736 3630 nobis
761 3561 1050 3631 commendatum
1073 3569 1139 3643 est,
1157 3571 1198 3630 ut

152 3676 266 3747 omnis
284 3699 330 3746 ex
348 3698 390 3746 eo
411 3676 504 3746 salus
527 3677 571 3746 ad
589 3699 653 3746 nos
670 3677 863 3768 perveniat.
917 3675 996 3746 Nee
1013 3677 1128 3746 minor
1144 3687 1198 3747 est

150 3791 294 3863 illorum
320 3793 484 3867 amentia,
509 3794 568 3885 qui
596 3793 825 3885 periculosam
851 3792 1014 3885 Origenis
1038 3791 1196 3863 haeresim

151 3911 187 3980 in
206 3910 273 3981 hac
292 3919 398 3979 aetate
416 3919 536 3979 nostra
554 3933 669 3980 rursus
687 3911 867 3991 excitant3
890 3908 1056 3978 nimirum
1075 3932 1197 3980 omnes

150 4028 313 4099 homines
331 4027 658 4120 (quantumcunque
675 4028 865 4099 sceleribus
882 4048 919 4096 se
937 4027 1198 4097 contaminave-

150 4144 236 4234 rint)
263 4144 415 4215 salutem
446 4146 489 4215 ad
516 4155 716 4214 extremum
748 4152 998 4214 consecuturos
1026 4166 1107 4212 eum
1139 4143 1199 4212 de·

244 4326 255 4372 l
272 4327 391 4405 regium.
585 4324 695 4384 2nobis
710 4335 738 4383 et
753 4326 833 4383 delle.
990 4321 1005 4367 ³
1018 4323 1116 4382 inanis.
