<?xml version="1.0" encoding="UTF-8"?>
<!DOCTYPE html PUBLIC "-//W3C//DTD XHTML 1.0 Transitional//EN"
    "http://www.w3.org/TR/xhtml1/DTD/xhtml1-transitional.dtd">
<html xmlns="http://www.w3.org/1999/xhtml" xml:lang="en" lang="en">
 <head>
  <title>
</title>
<meta http-equiv="Content-Type" content="text/html;charset=utf-8" />
  <meta name='ocr-system' content='tesseract 3.04.00' />
  <meta name='ocr-capabilities' content='ocr_page ocr_carea ocr_par ocr_line ocrx_word'/>
</head>
<body>
  <div class='ocr_page' id='page_1' title='image "./reformationeccl01cardgoog_0172.png"; bbox 0 0 2692 4800; ppageno 0'>
   <div class='ocr_carea' id='block_1_1' title="bbox 463 300 1197 373">
    <p class='ocr_par' dir='ltr' id='par_1_1' title="bbox 463 300 1197 373">
     <span class='ocr_line' id='line_1_1' title="bbox 463 300 1197 373; baseline 0.003 -9"><span class='ocrx_word' id='word_1_1' title='bbox 463 313 701 373; x_wconf 81' lang='lat' dir='ltr'><strong>nsouunous</strong></span> <span class='ocrx_word' id='word_1_2' title='bbox 726 313 886 364; x_wconf 82' lang='lat' dir='ltr'><strong>ornons.</strong></span> <span class='ocrx_word' id='word_1_3' title='bbox 1126 300 1197 366; x_wconf 83' lang='lat'><strong>105</strong></span> 
     </span>
    </p>
   </div>
   <div class='ocr_carea' id='block_1_2' title="bbox 146 472 1200 2072">
    <p class='ocr_par' dir='ltr' id='par_1_2' title="bbox 146 472 1200 2072">
     <span class='ocr_line' id='line_1_2' title="bbox 149 472 1200 565; baseline -0.001 -21"><span class='ocrx_word' id='word_1_4' title='bbox 149 475 329 545; x_wconf 84' lang='lat' dir='ltr'><strong>municet:</strong></span> <span class='ocrx_word' id='word_1_5' title='bbox 358 473 569 564; x_wconf 86' lang='lat' dir='ltr'><strong>poenitentes</strong></span> <span class='ocrx_word' id='word_1_6' title='bbox 588 495 669 542; x_wconf 88' lang='lat' dir='ltr'><strong>vero</strong></span> <span class='ocrx_word' id='word_1_7' title='bbox 693 472 895 565; x_wconf 84' lang='lat' dir='ltr'><strong>ingratiam</strong></span> <span class='ocrx_word' id='word_1_8' title='bbox 920 473 1084 564; x_wconf 89' lang='lat' dir='ltr'><strong>recipiat:</strong></span> <span class='ocrx_word' id='word_1_9' title='bbox 1113 474 1200 543; x_wconf 91' lang='lat' dir='ltr'><strong>dioe·</strong></span> 
     </span>
     <span class='ocr_line' id='line_1_3' title="bbox 149 587 1200 680; baseline -0.001 -20"><span class='ocrx_word' id='word_1_10' title='bbox 149 589 254 661; x_wconf 80' lang='lat' dir='ltr'><strong>oesim</strong></span> <span class='ocrx_word' id='word_1_11' title='bbox 292 598 417 669; x_wconf 87' lang='lat' dir='ltr'><strong>totam,</strong></span> <span class='ocrx_word' id='word_1_12' title='bbox 451 597 524 657; x_wconf 91' lang='lat' dir='ltr'><strong>tam</strong></span> <span class='ocrx_word' id='word_1_13' title='bbox 566 589 603 657; x_wconf 91' lang='lat' dir='ltr'><strong>in</strong></span> <span class='ocrx_word' id='word_1_14' title='bbox 637 587 722 657; x_wconf 89' lang='lat' dir='ltr'><strong>locis</strong></span> <span class='ocrx_word' id='word_1_15' title='bbox 764 589 940 679; x_wconf 88' lang='lat' dir='ltr'><strong>exemptis</strong></span> <span class='ocrx_word' id='word_1_16' title='bbox 980 612 1086 680; x_wconf 90' lang='lat' dir='ltr'><strong>quam</strong></span> <span class='ocrx_word' id='word_1_17' title='bbox 1128 613 1200 659; x_wconf 89' lang='lat' dir='ltr'><strong>non</strong></span> 
     </span>
     <span class='ocr_line' id='line_1_4' title="bbox 148 702 1199 798; baseline 0.001 -22"><span class='ocrx_word' id='word_1_18' title='bbox 148 702 355 798; x_wconf 84' lang='lat' dir='ltr'><strong>exemptis¹,</strong></span> <span class='ocrx_word' id='word_1_19' title='bbox 378 705 484 774; x_wconf 90' lang='lat' dir='ltr'><strong>tertio</strong></span> <span class='ocrx_word' id='word_1_20' title='bbox 511 726 653 796; x_wconf 91' lang='lat' dir='ltr'><strong>quoque</strong></span> <span class='ocrx_word' id='word_1_21' title='bbox 678 726 770 773; x_wconf 93' lang='lat' dir='ltr'><strong>anno</strong></span> <span class='ocrx_word' id='word_1_22' title='bbox 797 704 926 785; x_wconf 81' lang='lat' dir='ltr'><strong>visitet,</strong></span> <span class='ocrx_word' id='word_1_23' title='bbox 950 719 988 774; x_wconf 91' lang='lat' dir='ltr'><strong>et</strong></span> <span class='ocrx_word' id='word_1_24' title='bbox 1013 716 1199 777; x_wconf 85' lang='lat' dir='ltr'><strong>consuetas</strong></span> 
     </span>
     <span class='ocr_line' id='line_1_5' title="bbox 149 819 1197 914; baseline -0.002 -22"><span class='ocrx_word' id='word_1_25' title='bbox 149 822 414 914; x_wconf 82' lang='lat' dir='ltr'><strong>procurationes</strong></span> <span class='ocrx_word' id='word_1_26' title='bbox 448 820 618 911; x_wconf 88' lang='lat' dir='ltr'><strong>accipiat:</strong></span> <span class='ocrx_word' id='word_1_27' title='bbox 662 828 703 889; x_wconf 92' lang='lat' dir='ltr'><strong>ut</strong></span> <span class='ocrx_word' id='word_1_28' title='bbox 738 841 820 889; x_wconf 91' lang='lat' dir='ltr'><strong>vero</strong></span> <span class='ocrx_word' id='word_1_29' title='bbox 854 819 931 890; x_wconf 88' lang='lat' dir='ltr'><strong>aliis</strong></span> <span class='ocrx_word' id='word_1_30' title='bbox 969 821 1197 913; x_wconf 85' lang='lat' dir='ltr'><strong>temporibus,</strong></span> 
     </span>
     <span class='ocr_line' id='line_1_6' title="bbox 149 936 1197 1030; baseline -0.002 -22"><span class='ocrx_word' id='word_1_31' title='bbox 149 938 290 1030; x_wconf 90' lang='lat' dir='ltr'><strong>quoties</strong></span> <span class='ocrx_word' id='word_1_32' title='bbox 308 939 420 1007; x_wconf 88' lang='lat' dir='ltr'><strong>vismu</strong></span> <span class='ocrx_word' id='word_1_33' title='bbox 440 936 557 1017; x_wconf 87' lang='lat' dir='ltr'><strong>fuerit,</strong></span> <span class='ocrx_word' id='word_1_34' title='bbox 577 936 696 1006; x_wconf 78' lang='lat' dir='ltr'><strong>visitet</strong></span> <span class='ocrx_word' id='word_1_35' title='bbox 720 946 863 1028; x_wconf 90' lang='lat' dir='ltr'><strong>propter</strong></span> <span class='ocrx_word' id='word_1_36' title='bbox 883 959 992 1006; x_wconf 91' lang='lat' dir='ltr'><strong>novos</strong></span> <span class='ocrx_word' id='word_1_37' title='bbox 1016 960 1116 1008; x_wconf 88' lang='lat' dir='ltr'><strong>casus</strong></span> <span class='ocrx_word' id='word_1_38' title='bbox 1136 938 1197 1029; x_wconf 91' lang='lat' dir='ltr'><strong>qui</strong></span> 
     </span>
     <span class='ocr_line' id='line_1_7' title="bbox 148 1050 1198 1145; baseline 0 -23"><span class='ocrx_word' id='word_1_39' title='bbox 148 1053 306 1124; x_wconf 88' lang='lat' dir='ltr'><strong>incidere</strong></span> <span class='ocrx_word' id='word_1_40' title='bbox 325 1052 468 1145; x_wconf 89' lang='lat' dir='ltr'><strong>possint,</strong></span> <span class='ocrx_word' id='word_1_41' title='bbox 487 1052 520 1122; x_wconf 92' lang='lat' dir='ltr'><strong>ei</strong></span> <span class='ocrx_word' id='word_1_42' title='bbox 538 1050 688 1121; x_wconf 91' lang='lat' dir='ltr'><strong>liberum</strong></span> <span class='ocrx_word' id='word_1_43' title='bbox 707 1061 795 1132; x_wconf 87' lang='lat' dir='ltr'><strong>esto,</strong></span> <span class='ocrx_word' id='word_1_44' title='bbox 815 1053 919 1122; x_wconf 92' lang='lat' dir='ltr'><strong>modo</strong></span> <span class='ocrx_word' id='word_1_45' title='bbox 937 1053 1009 1122; x_wconf 90' lang='lat' dir='ltr'><strong>suis</strong></span> <span class='ocrx_word' id='word_1_46' title='bbox 1031 1053 1198 1145; x_wconf 86' lang='lat' dir='ltr'><strong>impensis</strong></span> 
     </span>
     <span class='ocr_line' id='line_1_8' title="bbox 147 1167 1199 1260; baseline 0.001 -23"><span class='ocrx_word' id='word_1_47' title='bbox 147 1169 184 1238; x_wconf 90' lang='lat' dir='ltr'><strong>id</strong></span> <span class='ocrx_word' id='word_1_48' title='bbox 210 1168 330 1250; x_wconf 88' lang='lat' dir='ltr'><strong>faciat,</strong></span> <span class='ocrx_word' id='word_1_49' title='bbox 355 1178 392 1238; x_wconf 89' lang='lat' dir='ltr'><strong>et</strong></span> <span class='ocrx_word' id='word_1_50' title='bbox 418 1190 509 1237; x_wconf 93' lang='lat' dir='ltr'><strong>nova</strong></span> <span class='ocrx_word' id='word_1_51' title='bbox 534 1189 641 1237; x_wconf 89' lang='lat' dir='ltr'><strong>onera</strong></span> <span class='ocrx_word' id='word_1_52' title='bbox 666 1167 920 1257; x_wconf 85' lang='lat' dir='ltr'><strong>stipendiorum</strong></span> <span class='ocrx_word' id='word_1_53' title='bbox 946 1177 1009 1238; x_wconf 92' lang='lat' dir='ltr'><strong>aut</strong></span> <span class='ocrx_word' id='word_1_54' title='bbox 1036 1191 1199 1260; x_wconf 87' lang='lat' dir='ltr'><strong>procura·</strong></span> 
     </span>
     <span class='ocr_line' id='line_1_9' title="bbox 149 1282 1198 1377; baseline 0.001 -23"><span class='ocrx_word' id='word_1_55' title='bbox 149 1286 285 1354; x_wconf 88' lang='lat' dir='ltr'><strong>tionum</strong></span> <span class='ocrx_word' id='word_1_56' title='bbox 313 1283 358 1354; x_wconf 89' lang='lat' dir='ltr'><strong>ab</strong></span> <span class='ocrx_word' id='word_1_57' title='bbox 384 1283 541 1354; x_wconf 87' lang='lat' dir='ltr'><strong>ecclesiis</strong></span> <span class='ocrx_word' id='word_1_58' title='bbox 568 1305 638 1351; x_wconf 91' lang='lat' dir='ltr'><strong>non</strong></span> <span class='ocrx_word' id='word_1_59' title='bbox 669 1282 811 1374; x_wconf 84' lang='lat' dir='ltr'><strong>exigat:</strong></span> <span class='ocrx_word' id='word_1_60' title='bbox 847 1285 948 1353; x_wconf 87' lang='lat' dir='ltr'><strong>statis</strong></span> <span class='ocrx_word' id='word_1_61' title='bbox 978 1285 1198 1377; x_wconf 86' lang='lat' dir='ltr'><strong>temporibus</strong></span> 
     </span>
     <span class='ocr_line' id='line_1_10' title="bbox 146 1396 1198 1491; baseline 0 -22"><span class='ocrx_word' id='word_1_62' title='bbox 146 1399 330 1470; x_wconf 88' lang='lat' dir='ltr'><strong>annuatim</strong></span> <span class='ocrx_word' id='word_1_63' title='bbox 357 1398 508 1491; x_wconf 85' lang='lat' dir='ltr'><strong>synodos</strong></span> <span class='ocrx_word' id='word_1_64' title='bbox 533 1396 684 1467; x_wconf 85' lang='lat' dir='ltr'><strong>habeat:</strong></span> <span class='ocrx_word' id='word_1_65' title='bbox 715 1397 766 1467; x_wconf 90' lang='lat' dir='ltr'><strong>illi</strong></span> <span class='ocrx_word' id='word_1_66' title='bbox 797 1421 936 1490; x_wconf 86' lang='lat' dir='ltr'><strong>quoque</strong></span> <span class='ocrx_word' id='word_1_67' title='bbox 962 1401 1008 1469; x_wconf 87' lang='lat' dir='ltr'><strong>sit</strong></span> <span class='ocrx_word' id='word_1_68' title='bbox 1034 1424 1129 1471; x_wconf 86' lang='lat' dir='ltr'><strong>ourae</strong></span> <span class='ocrx_word' id='word_1_69' title='bbox 1158 1410 1198 1470; x_wconf 91' lang='lat' dir='ltr'><strong>ut</strong></span> 
     </span>
     <span class='ocr_line' id='line_1_11' title="bbox 147 1514 1200 1609; baseline -0.002 -23"><span class='ocrx_word' id='word_1_70' title='bbox 147 1517 183 1586; x_wconf 91' lang='lat' dir='ltr'><strong>in</strong></span> <span class='ocrx_word' id='word_1_71' title='bbox 218 1514 435 1586; x_wconf 83' lang='lat' dir='ltr'><strong>catechismo</strong></span> <span class='ocrx_word' id='word_1_72' title='bbox 464 1515 655 1584; x_wconf 89' lang='lat' dir='ltr'><strong>instructos</strong></span> <span class='ocrx_word' id='word_1_73' title='bbox 685 1527 782 1584; x_wconf 85' lang='lat' dir='ltr'><strong>certo</strong></span> <span class='ocrx_word' id='word_1_74' title='bbox 812 1515 892 1585; x_wconf 92' lang='lat' dir='ltr'><strong>anni</strong></span> <span class='ocrx_word' id='word_1_75' title='bbox 925 1525 1085 1609; x_wconf 80' lang='lat' dir='ltr'><strong>tempore</strong></span> <span class='ocrx_word' id='word_1_76' title='bbox 1116 1539 1200 1587; x_wconf 88' lang='lat' dir='ltr'><strong>eon-</strong></span> 
     </span>
     <span class='ocr_line' id='line_1_12' title="bbox 147 1630 1198 1722; baseline -0.001 -20"><span class='ocrx_word' id='word_1_77' title='bbox 147 1633 286 1703; x_wconf 83' lang='lat' dir='ltr'><strong>firmet:</strong></span> <span class='ocrx_word' id='word_1_78' title='bbox 323 1640 540 1701; x_wconf 85' lang='lat' dir='ltr'><strong>testamenta</strong></span> <span class='ocrx_word' id='word_1_79' title='bbox 573 1652 715 1722; x_wconf 91' lang='lat' dir='ltr'><strong>quoque</strong></span> <span class='ocrx_word' id='word_1_80' title='bbox 749 1630 942 1722; x_wconf 88' lang='lat' dir='ltr'><strong>approbet:</strong></span> <span class='ocrx_word' id='word_1_81' title='bbox 982 1641 1019 1701; x_wconf 91' lang='lat' dir='ltr'><strong>et</strong></span> <span class='ocrx_word' id='word_1_82' title='bbox 1053 1633 1198 1702; x_wconf 90' lang='lat' dir='ltr'><strong>demum</strong></span> 
     </span>
     <span class='ocr_line' id='line_1_13' title="bbox 147 1745 1199 1839; baseline -0.001 -20"><span class='ocrx_word' id='word_1_83' title='bbox 147 1749 267 1819; x_wconf 90' lang='lat' dir='ltr'><strong>omnia</strong></span> <span class='ocrx_word' id='word_1_84' title='bbox 292 1756 330 1818; x_wconf 91' lang='lat' dir='ltr'><strong>et</strong></span> <span class='ocrx_word' id='word_1_85' title='bbox 356 1745 496 1839; x_wconf 82' lang='lat' dir='ltr'><strong>singula</strong></span> <span class='ocrx_word' id='word_1_86' title='bbox 521 1747 692 1839; x_wconf 87' lang='lat' dir='ltr'><strong>episcopis</strong></span> <span class='ocrx_word' id='word_1_87' title='bbox 717 1770 808 1816; x_wconf 83' lang='lat' dir='ltr'><strong>curae</strong></span> <span class='ocrx_word' id='word_1_88' title='bbox 833 1757 950 1829; x_wconf 88' lang='lat' dir='ltr'><strong>sunto,</strong></span> <span class='ocrx_word' id='word_1_89' title='bbox 967 1771 1045 1839; x_wconf 86' lang='lat' dir='ltr'><strong>quae</strong></span> <span class='ocrx_word' id='word_1_90' title='bbox 1070 1749 1113 1818; x_wconf 90' lang='lat' dir='ltr'><strong>ad</strong></span> <span class='ocrx_word' id='word_1_91' title='bbox 1138 1771 1199 1819; x_wconf 90' lang='lat' dir='ltr'><strong>eos</strong></span> 
     </span>
     <span class='ocr_line' id='line_1_14' title="bbox 147 1850 1200 1959; baseline 0.002 -25"><span class='ocrx_word' id='word_1_92' title='bbox 147 1888 192 1934; x_wconf 87' lang='lat' dir='ltr'><strong>ex</strong></span> <span class='ocrx_word' id='word_1_93' title='bbox 213 1864 283 1934; x_wconf 90' lang='lat' dir='ltr'><strong>Dei</strong></span> <span class='ocrx_word' id='word_1_94' title='bbox 301 1864 501 1956; x_wconf 76' lang='lat' dir='ltr'><strong>prescripto</strong></span> <span class='ocrx_word' id='word_1_95' title='bbox 518 1873 691 1955; x_wconf 87' lang='lat' dir='ltr'><strong>spectant,</strong></span> <span class='ocrx_word' id='word_1_96' title='bbox 711 1874 745 1934; x_wconf 91' lang='lat' dir='ltr'><strong>et</strong></span> <span class='ocrx_word' id='word_1_97' title='bbox 757 1850 896 1934; x_wconf 83' lang='lat' dir='ltr'><strong>&#39;uostrae</strong></span> <span class='ocrx_word' id='word_1_98' title='bbox 914 1862 1011 1959; x_wconf 83' lang='lat' dir='ltr'><strong>leges</strong></span> <span class='ocrx_word' id='word_1_99' title='bbox 1035 1865 1200 1936; x_wconf 83' lang='lat' dir='ltr'><strong>ecclesia-</strong></span> 
     </span>
     <span class='ocr_line' id='line_1_15' title="bbox 147 1979 1110 2072; baseline -0.002 -20"><span class='ocrx_word' id='word_1_100' title='bbox 147 1983 245 2052; x_wconf 83' lang='lat' dir='ltr'><strong>sticae</strong></span> <span class='ocrx_word' id='word_1_101' title='bbox 262 1979 404 2050; x_wconf 91' lang='lat' dir='ltr'><strong>illorum</strong></span> <span class='ocrx_word' id='word_1_102' title='bbox 423 1979 617 2072; x_wconf 86' lang='lat' dir='ltr'><strong>cognitioni</strong></span> <span class='ocrx_word' id='word_1_103' title='bbox 634 1991 672 2049; x_wconf 90' lang='lat' dir='ltr'><strong>et</strong></span> <span class='ocrx_word' id='word_1_104' title='bbox 683 1981 828 2071; x_wconf 87' lang='lat' dir='ltr'><strong>judiciis</strong></span> <span class='ocrx_word' id='word_1_105' title='bbox 845 1982 1110 2052; x_wconf 87' lang='lat' dir='ltr'><strong>commiserunt.</strong></span> 
     </span>
    </p>
   </div>
   <div class='ocr_carea' id='block_1_3' title="bbox 145 2240 1200 4197">
    <p class='ocr_par' dir='ltr' id='par_1_3' title="bbox 418 2240 931 2328">
     <span class='ocr_line' id='line_1_16' title="bbox 418 2240 931 2328; baseline -0.004 -22"><span class='ocrx_word' id='word_1_106' title='bbox 418 2241 495 2326; x_wconf 84' lang='lat' dir='ltr'><strong>(iap.</strong></span> <span class='ocrx_word' id='word_1_107' title='bbox 516 2262 564 2327; x_wconf 82' lang='lat'><strong>¹3·</strong></span> <span class='ocrx_word' id='word_1_108' title='bbox 588 2240 777 2326; x_wconf 77' lang='lat' dir='ltr'><strong>Defomilio</strong></span> <span class='ocrx_word' id='word_1_109' title='bbox 791 2242 931 2328; x_wconf 76' lang='lat' dir='ltr'><strong>episcopi.</strong></span> 
     </span>
    </p>

    <p class='ocr_par' dir='ltr' id='par_1_4' title="bbox 145 2363 1200 4197">
     <span class='ocr_line' id='line_1_17' title="bbox 198 2363 1199 2460; baseline 0.002 -24"><span class='ocrx_word' id='word_1_110' title='bbox 198 2363 510 2449; x_wconf 88' lang='lat' dir='ltr'><strong>Quemadmodum</strong></span> <span class='ocrx_word' id='word_1_111' title='bbox 535 2366 771 2436; x_wconf 87' lang='lat' dir='ltr'><strong>necessarium</strong></span> <span class='ocrx_word' id='word_1_112' title='bbox 796 2376 850 2436; x_wconf 89' lang='lat' dir='ltr'><strong>est</strong></span> <span class='ocrx_word' id='word_1_113' title='bbox 876 2377 917 2436; x_wconf 93' lang='lat' dir='ltr'><strong>ut</strong></span> <span class='ocrx_word' id='word_1_114' title='bbox 943 2368 1126 2460; x_wconf 86' lang='lat' dir='ltr'><strong>episcopus</strong></span> <span class='ocrx_word' id='word_1_115' title='bbox 1152 2371 1199 2439; x_wconf 87' lang='lat' dir='ltr'><strong>sit</strong></span> 
     </span>
     <span class='ocr_line' id='line_1_18' title="bbox 146 2481 1199 2577; baseline 0.003 -25"><span class='ocrx_word' id='word_1_116' title='bbox 146 2483 313 2576; x_wconf 76' lang='lat' dir='ltr'><strong>gravibus</strong></span> <span class='ocrx_word' id='word_1_117' title='bbox 348 2491 386 2553; x_wconf 92' lang='lat' dir='ltr'><strong>et</strong></span> <span class='ocrx_word' id='word_1_118' title='bbox 420 2483 549 2552; x_wconf 88' lang='lat' dir='ltr'><strong>sanctis</strong></span> <span class='ocrx_word' id='word_1_119' title='bbox 582 2481 739 2551; x_wconf 91' lang='lat' dir='ltr'><strong>moribus</strong></span> <span class='ocrx_word' id='word_1_120' title='bbox 777 2490 933 2565; x_wconf 88' lang='lat' dir='ltr'><strong>ornatus,</strong></span> <span class='ocrx_word' id='word_1_121' title='bbox 971 2485 1022 2554; x_wconf 91' lang='lat' dir='ltr'><strong>ita</strong></span> <span class='ocrx_word' id='word_1_122' title='bbox 1058 2509 1199 2577; x_wconf 89' lang='lat' dir='ltr'><strong>quoque</strong></span> 
     </span>
     <span class='ocr_line' id='line_1_19' title="bbox 147 2598 1199 2690; baseline 0.005 -23"><span class='ocrx_word' id='word_1_123' title='bbox 147 2598 321 2670; x_wconf 81' lang='lat' dir='ltr'><strong>familiam</strong></span> <span class='ocrx_word' id='word_1_124' title='bbox 353 2599 428 2690; x_wconf 90' lang='lat' dir='ltr'><strong>ejus</strong></span> <span class='ocrx_word' id='word_1_125' title='bbox 457 2620 613 2690; x_wconf 79' lang='lat' dir='ltr'><strong>gravem,</strong></span> <span class='ocrx_word' id='word_1_126' title='bbox 639 2599 834 2669; x_wconf 84' lang='lat' dir='ltr'><strong>modestam</strong></span> <span class='ocrx_word' id='word_1_127' title='bbox 866 2608 904 2669; x_wconf 92' lang='lat' dir='ltr'><strong>et</strong></span> <span class='ocrx_word' id='word_1_128' title='bbox 935 2609 1092 2670; x_wconf 90' lang='lat' dir='ltr'><strong>sanctam</strong></span> <span class='ocrx_word' id='word_1_129' title='bbox 1122 2624 1199 2672; x_wconf 89' lang='lat' dir='ltr'><strong>esse</strong></span> 
     </span>
     <span class='ocr_line' id='line_1_20' title="bbox 146 2713 1198 2808; baseline 0.001 -23"><span class='ocrx_word' id='word_1_130' title='bbox 146 2725 301 2808; x_wconf 82' lang='lat' dir='ltr'><strong>oportet,</strong></span> <span class='ocrx_word' id='word_1_131' title='bbox 335 2723 386 2797; x_wconf 92' lang='lat' dir='ltr'><strong>et,</strong></span> <span class='ocrx_word' id='word_1_132' title='bbox 422 2724 594 2806; x_wconf 92' lang='lat' dir='ltr'><strong>quantum</strong></span> <span class='ocrx_word' id='word_1_133' title='bbox 629 2713 743 2783; x_wconf 85' lang='lat' dir='ltr'><strong>officia</strong></span> <span class='ocrx_word' id='word_1_134' title='bbox 777 2715 971 2786; x_wconf 88' lang='lat' dir='ltr'><strong>domestica</strong></span> <span class='ocrx_word' id='word_1_135' title='bbox 1004 2718 1198 2807; x_wconf 90' lang='lat' dir='ltr'><strong>patiuntur,</strong></span> 
     </span>
     <span class='ocr_line' id='line_1_21' title="bbox 147 2830 1199 2923; baseline 0.004 -24"><span class='ocrx_word' id='word_1_136' title='bbox 147 2832 247 2904; x_wconf 71' lang='lat' dir='ltr'><strong>verbi</strong></span> <span class='ocrx_word' id='word_1_137' title='bbox 276 2830 343 2901; x_wconf 90' lang='lat' dir='ltr'><strong>Dei</strong></span> <span class='ocrx_word' id='word_1_138' title='bbox 371 2831 574 2913; x_wconf 88' lang='lat' dir='ltr'><strong>studiosam,</strong></span> <span class='ocrx_word' id='word_1_139' title='bbox 597 2832 762 2923; x_wconf 89' lang='lat' dir='ltr'><strong>quoniam</strong></span> <span class='ocrx_word' id='word_1_140' title='bbox 791 2841 909 2922; x_wconf 86' lang='lat' dir='ltr'><strong>potest</strong></span> <span class='ocrx_word' id='word_1_141' title='bbox 939 2830 1102 2901; x_wconf 81' lang='lat' dir='ltr'><strong>Ecclesiae</strong></span> <span class='ocrx_word' id='word_1_142' title='bbox 1130 2831 1199 2903; x_wconf 88' lang='lat' dir='ltr'><strong>Dei</strong></span> 
     </span>
     <span class='ocr_line' id='line_1_22' title="bbox 149 2944 1199 3040; baseline 0.001 -22"><span class='ocrx_word' id='word_1_143' title='bbox 149 2948 194 3018; x_wconf 80' lang='lat' dir='ltr'><strong>ed</strong></span> <span class='ocrx_word' id='word_1_144' title='bbox 214 2949 326 3018; x_wconf 89' lang='lat' dir='ltr'><strong>varias</strong></span> <span class='ocrx_word' id='word_1_145' title='bbox 349 2949 633 3040; x_wconf 82' lang='lat' dir='ltr'><strong>opportunitates</strong></span> <span class='ocrx_word' id='word_1_146' title='bbox 655 2967 731 3016; x_wconf 86' lang='lat' dir='ltr'><strong>esse</strong></span> <span class='ocrx_word' id='word_1_147' title='bbox 753 2944 860 3015; x_wconf 90' lang='lat' dir='ltr'><strong>utilis.</strong></span> <span class='ocrx_word' id='word_1_148' title='bbox 914 2944 1009 3015; x_wconf 89' lang='lat' dir='ltr'><strong>Nam</strong></span> <span class='ocrx_word' id='word_1_149' title='bbox 1035 2969 1080 3016; x_wconf 86' lang='lat' dir='ltr'><strong>ex</strong></span> <span class='ocrx_word' id='word_1_150' title='bbox 1105 2947 1199 3020; x_wconf 90' lang='lat' dir='ltr'><strong>illius</strong></span> 
     </span>
     <span class='ocr_line' id='line_1_23' title="bbox 149 3059 1200 3155; baseline 0.001 -23"><span class='ocrx_word' id='word_1_151' title='bbox 149 3063 266 3144; x_wconf 90' lang='lat' dir='ltr'><strong>domo,</strong></span> <span class='ocrx_word' id='word_1_152' title='bbox 292 3071 463 3154; x_wconf 89' lang='lat' dir='ltr'><strong>tanquam</strong></span> <span class='ocrx_word' id='word_1_153' title='bbox 490 3086 535 3132; x_wconf 86' lang='lat' dir='ltr'><strong>ex</strong></span> <span class='ocrx_word' id='word_1_154' title='bbox 562 3059 736 3154; x_wconf 82' lang='lat' dir='ltr'><strong>quodam²</strong></span> <span class='ocrx_word' id='word_1_155' title='bbox 763 3061 937 3137; x_wconf 87' lang='lat' dir='ltr'><strong>thesauro,</strong></span> <span class='ocrx_word' id='word_1_156' title='bbox 965 3073 1048 3132; x_wconf 90' lang='lat' dir='ltr'><strong>sunt</strong></span> <span class='ocrx_word' id='word_1_157' title='bbox 1074 3062 1200 3155; x_wconf 88' lang='lat' dir='ltr'><strong>depro-</strong></span> 
     </span>
     <span class='ocr_line' id='line_1_24' title="bbox 147 3175 1200 3269; baseline -0.004 -21"><span class='ocrx_word' id='word_1_158' title='bbox 147 3177 269 3249; x_wconf 89' lang='lat' dir='ltr'><strong>mendi</strong></span> <span class='ocrx_word' id='word_1_159' title='bbox 300 3179 364 3246; x_wconf 88' lang='lat' dir='ltr'><strong>viri</strong></span> <span class='ocrx_word' id='word_1_160' title='bbox 398 3179 459 3269; x_wconf 93' lang='lat' dir='ltr'><strong>qui</strong></span> <span class='ocrx_word' id='word_1_161' title='bbox 490 3177 694 3246; x_wconf 86' lang='lat' dir='ltr'><strong>muneribus</strong></span> <span class='ocrx_word' id='word_1_162' title='bbox 729 3175 976 3247; x_wconf 87' lang='lat' dir='ltr'><strong>ecclesiasticis</strong></span> <span class='ocrx_word' id='word_1_163' title='bbox 1005 3176 1200 3268; x_wconf 84' lang='lat' dir='ltr'><strong>praefician-</strong></span> 
     </span>
     <span class='ocr_line' id='line_1_25' title="bbox 148 3293 1198 3386; baseline -0.004 -20"><span class='ocrx_word' id='word_1_164' title='bbox 148 3305 216 3366; x_wconf 88' lang='lat' dir='ltr'><strong>tur.</strong></span> <span class='ocrx_word' id='word_1_165' title='bbox 270 3294 320 3364; x_wconf 92' lang='lat' dir='ltr'><strong>Et</strong></span> <span class='ocrx_word' id='word_1_166' title='bbox 353 3302 451 3365; x_wconf 88' lang='lat' dir='ltr'><strong>certe</strong></span> <span class='ocrx_word' id='word_1_167' title='bbox 487 3294 579 3386; x_wconf 89' lang='lat' dir='ltr'><strong>apud</strong></span> <span class='ocrx_word' id='word_1_168' title='bbox 614 3294 818 3385; x_wconf 88' lang='lat' dir='ltr'><strong>episcopum</strong></span> <span class='ocrx_word' id='word_1_169' title='bbox 854 3293 897 3380; x_wconf 85' lang='lat' dir='ltr'><strong>(si</strong></span> <span class='ocrx_word' id='word_1_170' title='bbox 933 3294 1041 3363; x_wconf 87' lang='lat' dir='ltr'><strong>fuerit</strong></span> <span class='ocrx_word' id='word_1_171' title='bbox 1073 3295 1103 3362; x_wconf 89' lang='lat' dir='ltr'><strong>is</strong></span> <span class='ocrx_word' id='word_1_172' title='bbox 1137 3294 1198 3384; x_wconf 89' lang='lat' dir='ltr'><strong>qui</strong></span> 
     </span>
     <span class='ocr_line' id='line_1_26' title="bbox 148 3407 1198 3503; baseline -0.002 -21"><span class='ocrx_word' id='word_1_173' title='bbox 148 3411 253 3483; x_wconf 85' lang='lat' dir='ltr'><strong>decet</strong></span> <span class='ocrx_word' id='word_1_174' title='bbox 270 3409 361 3500; x_wconf 86' lang='lat' dir='ltr'><strong>esse)</strong></span> <span class='ocrx_word' id='word_1_175' title='bbox 380 3411 546 3503; x_wconf 81' lang='lat' dir='ltr'><strong>dogmata</strong></span> <span class='ocrx_word' id='word_1_176' title='bbox 564 3409 644 3479; x_wconf 87' lang='lat' dir='ltr'><strong>fidei</strong></span> <span class='ocrx_word' id='word_1_177' title='bbox 664 3409 774 3502; x_wconf 90' lang='lat' dir='ltr'><strong>probe</strong></span> <span class='ocrx_word' id='word_1_178' title='bbox 791 3432 831 3478; x_wconf 91' lang='lat' dir='ltr'><strong>ac</strong></span> <span class='ocrx_word' id='word_1_179' title='bbox 855 3407 966 3478; x_wconf 89' lang='lat' dir='ltr'><strong>solide</strong></span> <span class='ocrx_word' id='word_1_180' title='bbox 987 3430 1198 3501; x_wconf 83' lang='lat' dir='ltr'><strong>cognoscere</strong></span> 
     </span>
     <span class='ocr_line' id='line_1_27' title="bbox 148 3524 1199 3620; baseline -0.001 -23"><span class='ocrx_word' id='word_1_181' title='bbox 148 3537 328 3620; x_wconf 91' lang='lat' dir='ltr'><strong>poterunt,</strong></span> <span class='ocrx_word' id='word_1_182' title='bbox 347 3536 385 3597; x_wconf 91' lang='lat' dir='ltr'><strong>et</strong></span> <span class='ocrx_word' id='word_1_183' title='bbox 410 3525 577 3597; x_wconf 86' lang='lat' dir='ltr'><strong>Ecclesiae</strong></span> <span class='ocrx_word' id='word_1_184' title='bbox 602 3527 764 3618; x_wconf 85' lang='lat' dir='ltr'><strong>regendae</strong></span> <span class='ocrx_word' id='word_1_185' title='bbox 790 3524 884 3594; x_wconf 90' lang='lat' dir='ltr'><strong>illius</strong></span> <span class='ocrx_word' id='word_1_186' title='bbox 907 3524 1074 3617; x_wconf 85' lang='lat' dir='ltr'><strong>exemplo</strong></span> <span class='ocrx_word' id='word_1_187' title='bbox 1099 3548 1199 3620; x_wconf 86' lang='lat' dir='ltr'><strong>mag-</strong></span> 
     </span>
     <span class='ocr_line' id='line_1_28' title="bbox 148 3641 1197 3735; baseline 0 -23"><span class='ocrx_word' id='word_1_188' title='bbox 148 3665 230 3713; x_wconf 89' lang='lat' dir='ltr'><strong>nam</strong></span> <span class='ocrx_word' id='word_1_189' title='bbox 255 3643 438 3714; x_wconf 88' lang='lat' dir='ltr'><strong>scientiam</strong></span> <span class='ocrx_word' id='word_1_190' title='bbox 462 3642 638 3735; x_wconf 85' lang='lat' dir='ltr'><strong>colligere.</strong></span> <span class='ocrx_word' id='word_1_191' title='bbox 691 3641 824 3713; x_wconf 88' lang='lat' dir='ltr'><strong>Caveat</strong></span> <span class='ocrx_word' id='word_1_192' title='bbox 847 3650 968 3711; x_wconf 90' lang='lat' dir='ltr'><strong>autem</strong></span> <span class='ocrx_word' id='word_1_193' title='bbox 990 3664 1034 3711; x_wconf 89' lang='lat' dir='ltr'><strong>ne</strong></span> <span class='ocrx_word' id='word_1_194' title='bbox 1056 3642 1197 3731; x_wconf 88' lang='lat' dir='ltr'><strong>otiosos,</strong></span> 
     </span>
     <span class='ocr_line' id='line_1_29' title="bbox 148 3755 1198 3852; baseline 0 -24"><span class='ocrx_word' id='word_1_195' title='bbox 148 3782 269 3843; x_wconf 84' lang='lat' dir='ltr'><strong>vanos,</strong></span> <span class='ocrx_word' id='word_1_196' title='bbox 297 3759 504 3852; x_wconf 89' lang='lat' dir='ltr'><strong>impudicos,</strong></span> <span class='ocrx_word' id='word_1_197' title='bbox 535 3768 598 3828; x_wconf 90' lang='lat' dir='ltr'><strong>aut</strong></span> <span class='ocrx_word' id='word_1_198' title='bbox 628 3757 800 3828; x_wconf 88' lang='lat' dir='ltr'><strong>aleatores</strong></span> <span class='ocrx_word' id='word_1_199' title='bbox 830 3757 973 3826; x_wconf 89' lang='lat' dir='ltr'><strong>nutriat.</strong></span> <span class='ocrx_word' id='word_1_200' title='bbox 1025 3755 1198 3848; x_wconf 87' lang='lat' dir='ltr'><strong>Alioquin</strong></span> 
     </span>
     <span class='ocr_line' id='line_1_30' title="bbox 147 3872 1196 3967; baseline -0.001 -21"><span class='ocrx_word' id='word_1_201' title='bbox 147 3878 176 3947; x_wconf 89' lang='lat' dir='ltr'><strong>si</strong></span> <span class='ocrx_word' id='word_1_202' title='bbox 194 3876 318 3946; x_wconf 90' lang='lat' dir='ltr'><strong>domui</strong></span> <span class='ocrx_word' id='word_1_203' title='bbox 337 3898 407 3945; x_wconf 89' lang='lat' dir='ltr'><strong>suae</strong></span> <span class='ocrx_word' id='word_1_204' title='bbox 425 3897 572 3967; x_wconf 87' lang='lat' dir='ltr'><strong>praeesse</strong></span> <span class='ocrx_word' id='word_1_205' title='bbox 590 3898 660 3945; x_wconf 93' lang='lat' dir='ltr'><strong>non</strong></span> <span class='ocrx_word' id='word_1_206' title='bbox 679 3874 789 3956; x_wconf 91' lang='lat' dir='ltr'><strong>novit,</strong></span> <span class='ocrx_word' id='word_1_207' title='bbox 806 3873 984 3965; x_wconf 91' lang='lat' dir='ltr'><strong>quomodo</strong></span> <span class='ocrx_word' id='word_1_208' title='bbox 1001 3872 1196 3945; x_wconf 87' lang='lat' dir='ltr'><strong>Ecclesiam</strong></span> 
     </span>
     <span class='ocr_line' id='line_1_31' title="bbox 148 3989 1196 4063; baseline -0.002 -1"><span class='ocrx_word' id='word_1_209' title='bbox 148 3991 218 4063; x_wconf 90' lang='lat' dir='ltr'><strong>Dei</strong></span> <span class='ocrx_word' id='word_1_210' title='bbox 250 3991 411 4061; x_wconf 75' lang='lat' dir='ltr'><strong>curabit?</strong></span> <span class='ocrx_word' id='word_1_211' title='bbox 456 3990 508 4061; x_wconf 87' lang='lat' dir='ltr'><strong>Et</strong></span> <span class='ocrx_word' id='word_1_212' title='bbox 542 3989 734 4061; x_wconf 84' lang='lat' dir='ltr'><strong>sacellanos</strong></span> <span class='ocrx_word' id='word_1_213' title='bbox 765 3989 891 4059; x_wconf 89' lang='lat' dir='ltr'><strong>babeat</strong></span> <span class='ocrx_word' id='word_1_214' title='bbox 926 3989 1017 4060; x_wconf 82' lang='lat' dir='ltr'><strong>eirca</strong></span> <span class='ocrx_word' id='word_1_215' title='bbox 1047 4014 1084 4062; x_wconf 86' lang='lat' dir='ltr'><strong>se</strong></span> <span class='ocrx_word' id='word_1_216' title='bbox 1114 4014 1196 4061; x_wconf 89' lang='lat' dir='ltr'><strong>oon-</strong></span> 
     </span>
     <span class='ocr_line' id='line_1_32' title="bbox 145 4104 1199 4197; baseline -0.002 -19"><span class='ocrx_word' id='word_1_217' title='bbox 145 4108 356 4188; x_wconf 88' lang='lat' dir='ltr'><strong>cionatores,</strong></span> <span class='ocrx_word' id='word_1_218' title='bbox 374 4107 433 4197; x_wconf 92' lang='lat' dir='ltr'><strong>qui</strong></span> <span class='ocrx_word' id='word_1_219' title='bbox 461 4129 529 4176; x_wconf 89' lang='lat' dir='ltr'><strong>uon</strong></span> <span class='ocrx_word' id='word_1_220' title='bbox 557 4114 697 4177; x_wconf 88' lang='lat' dir='ltr'><strong>tantum</strong></span> <span class='ocrx_word' id='word_1_221' title='bbox 724 4128 855 4175; x_wconf 88' lang='lat' dir='ltr'><strong>sacram</strong></span> <span class='ocrx_word' id='word_1_222' title='bbox 884 4104 1100 4196; x_wconf 81' lang='lat' dir='ltr'><strong>Scriptorum</strong></span> <span class='ocrx_word' id='word_1_223' title='bbox 1130 4107 1199 4177; x_wconf 88' lang='lat' dir='ltr'><strong>dis-</strong></span> 
     </span>
    </p>
   </div>
   <div class='ocr_carea' id='block_1_4' title="bbox 317 4315 1033 4398">
    <p class='ocr_par' dir='ltr' id='par_1_5' title="bbox 317 4315 1033 4398">
     <span class='ocr_line' id='line_1_33' title="bbox 317 4315 1033 4398; baseline -0.003 -18"><span class='ocrx_word' id='word_1_224' title='bbox 317 4315 324 4354; x_wconf 93' lang='lat'>¹</span> <span class='ocrx_word' id='word_1_225' title='bbox 340 4323 479 4398; x_wconf 82' lang='lat' dir='ltr'><strong>exemptis</strong></span> <span class='ocrx_word' id='word_1_226' title='bbox 494 4341 546 4379; x_wconf 78' lang='lat' dir='ltr'><strong>oni.</strong></span> <span class='ocrx_word' id='word_1_227' title='bbox 817 4320 831 4365; x_wconf 81' lang='lat'><em>²</em></span> <span class='ocrx_word' id='word_1_228' title='bbox 846 4321 966 4395; x_wconf 90' lang='lat' dir='ltr'><strong>quodam</strong></span> <span class='ocrx_word' id='word_1_229' title='bbox 982 4341 1033 4379; x_wconf 87' lang='lat' dir='ltr'><strong>om.</strong></span> 
     </span>
    </p>
   </div>
   <div class='ocr_carea' id='block_1_5' title="bbox 0 0 1350 4800">
    <p class='ocr_par' dir='ltr' id='par_1_6' title="bbox 0 0 1350 4800">
     <span class='ocr_line' id='line_1_34' title="bbox 0 0 1350 4800; baseline 0 0"><span class='ocrx_word' id='word_1_230' title='bbox 0 0 1350 4800; x_wconf 95' lang='lat' dir='ltr'><strong> </strong></span> 
     </span>
    </p>
   </div>
  </div>
 </body>
</html>
