2692 4800
161 259 234 331 170
447 277 496 328 nn
521 273 914 335 exconuuurcmoun.

273 544 351 632 Cap.
369 561 397 631 7.
420 547 469 610 Do
483 547 1093 636 emmerammum.

209 683 395 756 Sententia
412 708 482 757 non
500 684 617 758 valeat
632 688 1022 773 excommunicationis,
1039 689 1107 763 uisi
1124 693 1205 764 soti·

158 801 228 893 ptis
261 801 429 874 mandata
462 802 590 875 fuerit:
625 803 727 896 cujus
760 802 967 898 exemplum
1002 805 1217 902 incorrupte¹

158 915 363 1010 sincereque
397 917 644 1011 transcriptum
671 918 788 1010 judex
815 941 878 990 reo
908 920 1038 1003 tradat,
1069 943 1143 1014 qno
1170 920 1205 994 id

157 1040 318 1125 tempore
338 1031 579 1125 postulaverit,
596 1042 705 1125 atque
727 1033 817 1105 edeo
834 1033 928 1105 intra
950 1057 1016 1106 sex
1033 1035 1112 1109 dies
1133 1038 1205 1109 sine

156 1145 231 1217 ulla
254 1149 465 1241 exceptione
490 1149 660 1242 scriptum
684 1146 753 1220 hoc
779 1171 839 1221 reo
862 1150 1057 1244 requirenti
1082 1175 1206 1227 conce·

156 1262 271 1335 datur.

227 1474 305 1561 (lap.
322 1475 352 1540 8.
374 1475 602 1560 Panapionem
615 1497 675 1542 non
689 1475 819 1564 lepitimo
832 1478 1132 1547 ammentante.

204 1611 419 1708 Quicunque
438 1615 553 1708 judex
571 1614 628 1687 vel
650 1638 752 1688 reum
773 1639 844 1688 non
866 1619 1133 1711 praemonuerit,
1149 1619 1204 1691 vel

154 1737 290 1802 ceteras
314 1732 498 1803 cautiones
522 1755 594 1803 non
615 1731 828 1814 adhibuerit,
849 1756 939 1827 quas
959 1756 1025 1806 nos
1050 1735 1089 1807 iu
1114 1734 1204 1807 huno

154 1867 296 1917 oausam
312 1847 540 1932 contulimus,
554 1848 707 1942 primurn
725 1848 763 1920 in
781 1848 965 1921 ecclesiam
979 1857 1060 1922 toto
1072 1853 1205 1925 mensis

153 1963 267 2056 spatio
283 1986 354 2034 non
373 1965 537 2048 introeat,
554 1963 620 2035 nisi
643 1986 750 2036 sacrae
771 1966 1033 2038 communionis
1052 1967 1205 2063 percipi·

152 2079 253 2148 ende
279 2101 407 2162 causa;
442 2080 571 2151 deinde
590 2078 704 2172 judex
729 2081 940 2175 superior,n
965 2103 1038 2174 qno
1063 2084 1203 2177 petenti

152 2216 213 2264 reo
247 2205 478 2280 succurretur,
512 2196 664 2290 priorem
694 2204 818 2269 contra
851 2196 948 2293 leges
980 2219 1203 2293 progremm

152 2313 555 2384 excommunicationem
571 2313 771 2385 universam
788 2321 939 2398 retexet,
957 2317 1204 2389 excommuni·
1232 2401 1239 2412 .

151 2427 300 2499 cationis
324 2427 511 2498 authorem
528 2428 573 2498 ad
590 2427 776 2500 solvendas
798 2451 922 2501 omnes
946 2429 1126 2524 impensas
1149 2433 1202 2504 in·

145 2544 255 2636 justae
272 2543 345 2615 litis
362 2543 556 2629 damnabit,
573 2555 612 2616 et
635 2546 744 2617 etiam
770 2543 857 2617 alias
882 2568 1002 2639 poenas
1026 2546 1201 2620 arbitratu

151 2683 214 2730 suo
244 2660 453 2745 cumulabit,
484 2672 526 2731 ut
555 2669 654 2731 metu
678 2661 819 2755 judices
847 2673 1127 2747 conteneantur,
1155 2689 1200 2738 ne

150 2786 223 2847 tam
246 2800 410 2871 magnam
431 2778 468 2847 in
492 2777 731 2850 calamitatem
751 2779 912 2851 homines
937 2781 1013 2851 sine
1036 2783 1201 2875 gravissi·

149 2894 216 2963 mis
233 2894 347 2964 causis
364 2894 564 2965 detrudant.
592 2894 684 2965 Cum
702 2904 821 2965 autem
834 2895 948 2988 judex
965 2895 1198 2983 intellexerit,

148 3008 242 3102 quocl
269 3032 380 3080 caecus
406 3020 443 3079 et
468 3032 625 3102 praeceps
650 3010 687 3080 in
713 3009 774 3080 illo
793 3010 930 3102 judicio
951 3011 1143 3099 ferebatur,
1161 3026 1198 3088 et

147 3137 335 3221 propterea
360 3127 574 3197 sententiam
593 3127 647 3197 vel
674 3135 809 3198 temere
836 3125 943 3198 latam
970 3127 1045 3221 ipse
1071 3153 1197 3223 perse

149 3243 285 3328 tollere,
311 3245 513 3336 priusquam
540 3244 585 3313 ad
616 3243 830 3336 superiorem
850 3243 1011 3335 judicem
1037 3267 1119 3318 rens
1145 3248 1198 3318 di·

147 3382 286 3453 gressus
312 3359 428 3441 luerit,
447 3382 512 3430 nec
539 3369 660 3430 tamen
684 3359 714 3429 is
739 3357 898 3430 assentiri
919 3357 1014 3442 velit,
1032 3363 1092 3454 qui
1117 3387 1197 3457 pro·

147 3478 283 3548 curavit
300 3477 715 3558 excommunicationem,
734 3474 799 3544 nisi
818 3497 899 3546 reus
921 3473 972 3544 illi
993 3477 1194 3563 satisfaciat,

148 3592 246 3662 etad
265 3591 332 3663 hoc
349 3591 520 3662 auxilium
539 3591 724 3684 superioris
740 3589 872 3682 judicis
891 3589 1066 3682 imploret,
1077 3593 1195 3687 judex

146 3708 289 3778 inferior
306 3709 396 3778 hano
418 3709 494 3800 ejus
514 3709 639 3778 duram
666 3717 703 3777 et
728 3705 891 3777 acerbam
917 3706 1193 3799 appellationem

145 3823 338 3919 negligens,
357 3826 409 3896 sui
429 3825 546 3917 potius
567 3823 743 3894 commodi
762 3844 955 3892 memorem
974 3846 1079 3915 quam
1098 3848 1193 3897 com·

145 3943 262 4011 munis
287 3943 381 4013 inter
400 3940 617 4011 Christianos
643 3939 833 4021 charitatis,
851 3940 1065 4010 sententiam
1092 3964 1190 4012 suam

146 4057 384 4139 dissolvatur
413 4079 483 4150 qua
509 4057 734 4127 manifestum
763 4055 1013 4127 animadvertit
1041 4058 1189 4150 priorem

145 4196 247 4242 suum
266 4196 429 4243 errorem.
483 4172 579 4243 Nam
605 4176 634 4244 si
660 4173 930 4256 addubitaverit,
949 4175 1187 4268 pignoribusa
