2692 4800
152 282 225 348 188
388 299 437 349 nn
453 297 620 361 inmens,
638 299 683 348 nr
701 297 765 349 om
782 298 869 357 ems
885 299 1008 351 somn
1214 302 1233 351 c

150 449 365 520 authoritate
376 450 537 540 judicum
555 449 599 519 ed
618 450 686 521 hoc
708 450 876 534 adhibite,
892 475 1015 525 rursus
1037 453 1191 524 insnum

150 572 282 634 coetum
300 564 376 645 hec,
394 587 471 655 quae
494 572 759 659 anteprogresss
780 575 844 650 est,
863 565 1017 637 formula
1032 575 1233 659 reeeptns90

151 678 267 760 fuerit,
286 687 324 747 et
346 677 492 748 crimine
515 676 662 762 solutus,
679 687 780 748 curet
802 686 844 749 ut
867 678 913 749 od
939 686 1082 750 certum
1108 687 1194 750 tem·

149 816 216 886 pus
236 793 301 863 sibi
322 793 572 886 prescriptum,
591 793 785 864 ordinarius
802 816 874 865 suae
897 794 1194 867 reconciliationis

150 912 278 980 certior
299 909 374 992 fiat,
391 919 429 980 et
452 906 549 979 iliam
573 909 771 1003 syngrapho
790 910 935 1002 publico
956 912 1061 1005 signo
1085 912 1195 983 eonsi-

148 1035 257 1120 gneta
278 1025 566 1119 comprehensam
584 1028 716 1111 mittat,
735 1027 771 1097 in
788 1050 858 1119 que
877 1024 1098 1122 syngraphn¹
1115 1027 1195 1100 sob-

149 1143 279 1213 scribet
301 1142 454 1234 primum
474 1142 549 1234 ipse
571 1151 700 1233 postor,
719 1140 776 1213 vel
795 1143 871 1234 ejus
896 1144 1057 1226 vicarius,
1075 1154 1115 1214 et
1136 1142 1196 1216 nli·

150 1266 237 1348 qnot
254 1279 300 1327 ex
323 1258 535 1352 gravissimis
558 1267 595 1328 et
612 1258 848 1351 integerrimis
871 1260 907 1328 in
929 1256 1083 1330 ecclesis
1105 1260 1195 1343 viris,

149 1375 209 1466 qui
228 1375 277 1444 rei
293 1384 402 1469 gestae
419 1372 653 1457 interfuerint,
664 1374 792 1466 partim
805 1383 847 1444 ut
863 1376 938 1467 ipss
955 1373 1195 1445 reconciliatio

150 1491 312 1559 testatior
328 1512 404 1560 esse
422 1489 541 1582 possit,
552 1490 680 1581 partim
699 1500 740 1560 ut
757 1489 961 1571 ordinarius,
975 1512 1057 1559 cum
1076 1498 1193 1561 ectum

149 1605 267 1688 fuerit,
293 1604 480 1698 intelligat,
506 1612 543 1673 et
574 1606 610 1673 in
640 1627 683 1675 eo
714 1606 809 1697 quod
839 1606 897 1698 pie
923 1604 1194 1699 Christianeqne

148 1720 282 1790 fectum
301 1729 365 1805 est,
380 1741 604 1791 communem
622 1743 702 1790 eum
721 1720 799 1792 eliis
816 1720 977 1792 laetitiom
996 1723 1177 1816 percipiet.

545 2039 805 2051 ————-

163 2280 232 2352 DE
254 2278 486 2362 tumens,
513 2278 575 2350 ΕΤ
602 2278 692 2351 UBI
719 2278 841 2364 QUIS
868 2278 1046 2351 AGERE
1074 2280 1174 2354 VEL

395 2402 692 2476 CONVENIRI
724 2401 938 2475 DEBEAT.

469 2615 538 2701 Gap
563 2636 590 2679 1.
616 2613 871 2700 Qcidyisdicimn.

196 2762 377 2833 Judicium
402 2770 456 2833 est
479 2777 579 2832 actus
606 2760 786 2855 legitimus
811 2761 879 2830 rite
902 2782 943 2830 oc
969 2761 1093 2832 ordine
1114 2782 1184 2851 per·

145 2879 339 2973 vestigandi
358 2885 395 2947 et
413 2876 609 2957 decidendi,
627 2900 706 2968 quae
727 2877 763 2945 in
781 2872 1078 2947 controversicm²
1096 2876 1180 2970 opud

141 2996 298 3087 judicem
317 2994 568 3087 producuntur.

410 3210 486 3296 (iep.
501 3231 528 3276 2.
555 3210 743 3294 Deyitds'oiis
756 3210 932 3275 ordinarii.

197 3347 382 3418 Ordinnria
398 3347 534 3439 judicie
561 3357 654 3429 sunt,
672 3348 709 3416 in
733 3347 861 3439 quibus
882 3370 925 3417 ea
941 3347 1062 3417 omnia
1078 3349 1181 3440 requi·

146 3471 280 3544 runtur,
299 3487 377 3555 quoe
398 3464 433 3532 in
458 3463 617 3556 legitime
639 3485 821 3533 causarum
847 3464 1051 3556 cognitione
1075 3465 1182 3534 obser·

146 3581 218 3649 veri
236 3580 380 3650 debent.
409 3576 567 3650 ³Ordine
585 3581 680 3650 enim
691 3581 781 3672 juris
799 3601 868 3647 non
887 3587 1036 3660 servato,
1056 3600 1182 3670 proces

144 3717 202 3765 sus
220 3695 381 3765 redditur
397 3694 525 3777 nullus,
543 3697 571 3764 ei
583 3694 760 3787 judicium
779 3694 885 3762 fuerit
905 3693 1130 3764 ordinarium.

188 3884 196 3921 ¹
218 3884 329 3958 publico
346 3915 421 3927 —
438 3885 601 3960 syngrapha
615 3905 668 3942 om.

185 3977 198 4014 ²
218 3982 417 4039 controversie

184 4080 197 4118 ³
218 4079 326 4137 Ordine
341 4079 432 4135 omnis
443 4079 515 4154 juris
529 4111 611 4121 -—
625 4078 808 4135 ordinarium.
830 4077 923 4134 These
938 4076 1032 4134 words
1047 4096 1095 4134 are
1109 4074 1182 4132 made

144 4179 192 4236 the
209 4178 271 4236 title
285 4177 317 4234 oi
329 4177 399 4252 Cep.
411 4195 439 4248 3,
454 4178 503 4233 the
519 4177 576 4233 real
591 4177 653 4234 title
667 4177 754 4251 being
769 4176 896 4233 omitted.
