2692 4800
516 571 584 641 DE
615 569 928 644 HAERESIBUS.

363 885 442 971 Cap.
464 905 489 948 1.
515 885 575 966 Qui
588 886 650 950 sint
663 886 808 967 haeretici,
822 895 850 951 et
863 885 918 972 qni
931 904 993 949 non
1006 884 1081 950 ciat.

248 1006 445 1078 Haeretieos
465 1007 653 1079 statuimus
674 978 806 1091 omncs,
824 1008 1028 1100 quicunque
1048 1008 1252 1080 eommunis

197 1131 325 1194 nostrae
343 1123 425 1194 fidei
443 1122 627 1194 decretum
644 1124 787 1216 aliquod
808 1147 908 1196 secus
931 1125 1123 1218 accipiunt.
1139 1147 1250 1217 quam

196 1260 294 1311 saera
318 1237 503 1332 Scriptura
528 1240 803 1311 determinatum
831 1249 897 1325 est,
928 1249 966 1312 et
990 1241 1027 1312 in
1053 1263 1175 1313 errore
1198 1241 1251 1313 sic

196 1353 370 1441 habitant,
387 1364 429 1426 ut
452 1354 596 1426 omuino
619 1378 657 1427 se
680 1378 753 1426 nou
775 1357 893 1428 sinaut
915 1355 1042 1427 abillo
1059 1358 1250 1429 removeri.

197 1467 280 1541 Nec
297 1470 385 1543 illud
402 1472 440 1542 in
456 1473 524 1542 hoc
549 1493 680 1565 genere
705 1474 937 1565 spectandum
954 1480 1019 1554 est,
1036 1481 1160 1543 utrum
1185 1470 1251 1543 ali·

196 1586 275 1677 quis
297 1588 373 1681 ipse
396 1588 462 1659 sibi
479 1588 606 1659 erroris
628 1587 737 1659 fuerit
759 1590 898 1672 author,
915 1612 961 1661 an
977 1588 1080 1659 illum
1102 1588 1254 1659 aliunde'

196 1711 383 1796 acceptum
400 1706 476 1798 ipse
498 1712 667 1797 sequatur
691 1713 729 1775 et
750 1705 931 1776 defendat.
983 1704 1055 1788 Qui
1073 1727 1160 1777 vero
1176 1726 1250 1775 uon

196 1828 462 1891 commorantur
487 1820 525 1890 in
551 1820 685 1904 haeresi,
708 1841 775 1890 uec
799 1817 916 1890 illam¹
944 1819 1155 1902 defenduut,
1186 1820 1249 1891 sed

196 1934 380 2028 inquirunt
395 1933 452 2007 iu²
469 1937 666 2020 veritatem,
683 1944 721 2006 ct
738 1958 820 2006 cum
841 1960 862 2007 a
878 1935 1048 2030 legitimis
1063 1935 1250 2027 judicibus

196 2050 302 2143 plene
318 2052 450 2124 fuerint
470 2053 645 2133 instructi,
663 2074 763 2123 suam
780 2053 847 2146 ipsi
870 2050 1013 2146 culpam
1036 2059 1248 2147 agnoscunt,

196 2176 235 2238 et
257 2169 294 2239 in
311 2190 355 2239 eo
378 2191 416 2240 se
440 2170 565 2263 corrigi
590 2167 695 2239 facile
717 2169 912 2261 patiuntur,
938 2169 975 2238 iu
999 2167 1249 2240 haeretieorum

196 2305 345 2356 numero
361 2285 444 2377 poni
462 2307 534 2355 uon
551 2285 692 2356 debent.

296 2479 374 2566 Gap.
391 2498 420 2546 2.
443 2479 639 2545 Sclz'antcta'ci
652 2488 682 2544 et
695 2480 830 2545 haeretiei
844 2479 989 2566 quomodo
1002 2478 1160 2562 differant.
1195 2511 1200 2520 ·

247 2601 498 2674 Schismaticos
515 2602 674 2697 plerique
698 2627 780 2675 cum
797 2604 971 2675 haereticis
993 2604 1246 2675 confuderunt.

197 2716 269 2789 Sed
295 2729 416 2790 tamen
443 2742 570 2814 magua
597 2720 796 2792 interillos
822 2730 877 2791 est
905 2720 1114 2792 differentia.
1166 2718 1248 2792 Nec

195 2837 291 2907 enim
316 2837 529 2907 schismatici
555 2836 662 2908 fidem
688 2835 794 2908 aliam
817 2838 951 2908 habent
977 2860 1084 2930 quam
1103 2837 1248 2921 caeteri3

196 2954 259 3024 sed
284 2977 306 3024 a
331 2954 510 3025 communi
537 2953 609 3037 illa,
627 2977 708 3045 quae
734 2955 827 3024 iuter
844 2954 1062 3025 Christianos
1085 2975 1163 3025 esse
1185 2954 1249 3024 de-

195 3072 289 3156 beat,
307 3072 476 3143 societate
499 3093 537 3141 se
559 3071 793 3164 distinguunt.
844 3071 973 3164 Itaque
990 3093 1248 3163 nonnunquam

196 3210 262 3259 usu
284 3189 392 3270 venit,
409 3195 451 3256 ut
478 3208 560 3257 cum
578 3185 683 3281 louge
705 3210 727 3257 a
749 3188 816 3279 piis
839 3187 988 3258 aliorum
1011 3188 1185 3258 institutis
1207 3196 1249 3259 et

197 3304 319 3375 officiis
335 3301 550 3395 peregrinati
569 3308 663 3383 sunt,
680 3301 825 3372 taudem
844 3302 888 3372 ad
911 3299 1067 3393 aliquam
1083 3300 1247 3373 haeresim

197 3420 409 3502 dilabantur,
436 3425 478 3487 ut
507 3439 545 3488 se
572 3416 817 3488 vehementius
847 3441 868 3488 a
898 3426 1041 3509 recepta
1070 3416 1247 3490 bonorum

196 3533 453 3607 communitate
470 3540 670 3627 segregent.

236 3731 312 3816 Gap.
329 3750 360 3816 3.
383 3730 432 3795 De
446 3728 488 3794 tic
502 3727 556 3815 qui
569 3748 730 3793 sacrarum
745 3727 977 3812 Smptcramm
991 3727 1206 3794 omhoritotan

643 3829 794 3914 rejiciunt.

246 3952 416 4047 Capitalis
433 3950 623 4022 Christiani
640 3953 792 4023 nominis
814 3952 925 4023 hostis
949 3950 1060 4022 Satan
1083 3953 1129 4023 ad
1152 3952 1247 4024 salu-

197 4080 272 4143 tare
298 4071 495 4142 divinarum
514 4066 774 4160 scripturarum
801 4091 923 4139 semen
948 4068 985 4137 in
1004 4067 1074 4138 Dei
1095 4068 1246 4142 ecclesia

362 4249 373 4294 1
396 4269 453 4307 non
467 4248 557 4306 illum.
948 4244 962 4289 2
983 4248 1011 4303 iu
1025 4268 1078 4306 om.
