2692 4800
512 349 560 399 nn
578 347 797 400 uauasrnus.
1149 331 1196 407 19

146 499 211 568 rari
226 519 237 581 ;
263 497 421 590 denique
439 500 573 570 nullam
591 500 825 593 relinquimus
850 498 1021 590 majorem
1040 497 1198 569 euchari-

147 616 220 685 stiae
255 615 535 697 venerationem,
570 640 677 708 quam
709 616 874 708 baptismi
910 623 948 685 et
982 616 1080 686 verbi
1116 613 1196 686 Dei.

147 730 326 823 Symbola
336 753 419 801 vero
440 733 540 824 panis
566 733 692 804 etvini
718 733 785 802 nisi
812 733 909 825 pium
929 739 968 802 et
992 731 1197 802 institutum

148 871 168 918 a
193 846 390 940 Scripturis
416 870 519 918 usum
547 849 879 918 communicationis
908 848 1095 930 retineant,
1125 869 1196 916 non

148 964 317 1056 majorem
342 964 616 1034 aestimationem
632 965 764 1035 habere
782 964 954 1045 volumus,
972 987 1078 1057 quam
1097 964 1197 1056 panis

148 1080 326 1149 stainam
346 1078 490 1161 habent,
509 1102 587 1171 quae
605 1080 764 1171 quotidie
790 1083 885 1152 inter
908 1103 971 1150 nos
997 1080 1032 1150 in
1050 1102 1116 1150 usu
1135 1078 1196 1150 ha·

149 1193 290 1266 bentur.
342 1194 386 1266 In
413 1196 538 1267 eodem
566 1195 643 1266 luto
667 1197 813 1280 haerent,
844 1198 904 1288 qui
933 1197 1031 1289 panis
1058 1206 1096 1268 et
1123 1196 1195 1265 vini

147 1312 381 1383 substantiam
408 1314 444 1382 in
469 1312 681 1384 eucharistia
706 1323 853 1406 ponunt,
877 1314 938 1384 sed
957 1315 989 1383 vi
1016 1336 1197 1384 consecra·

149 1429 253 1499 tionis
270 1451 334 1520 per
350 1429 550 1500 ministrum
576 1430 748 1521 appositae
774 1452 901 1522 corpus
926 1437 964 1500 et
987 1430 1195 1522 sanguinem

148 1543 279 1615 Christi
298 1567 420 1614 rerum
438 1554 476 1615 et
502 1544 697 1615 naturalem
724 1545 868 1639 adjungi
895 1554 1033 1638 putant,
1051 1554 1088 1616 ct
1113 1568 1196 1616 cum

148 1659 387 1752 symbolorum
406 1661 541 1730 naturis
559 1662 772 1753 pennisceri‚
791 1672 828 1731 et
845 1661 968 1732 subter
985 1682 1044 1732 eas
1061 1661 1196 1753 subjici,

109 1858 117 1865 ⁴
147 1799 259 1868 usque
276 1777 366 1846 adeo
383 1786 425 1845 ut
442 1776 516 1846 sive
533 1775 582 1868 pii
601 1777 672 1846 sint
689 1776 763 1846 sive
780 1776 889 1870 impii,
908 1778 967 1869 qui
986 1777 1031 1847 ad
1049 1776 1196 1847 Domini

146 1913 305 1962 mensam
340 1915 378 1962 se
411 1892 613 1971 admovent,
643 1915 768 1962 verum
796 1903 833 1961 et
868 1892 1029 1962 naturale
1064 1889 1195 1961 Christi

147 2030 285 2100 corpus,
304 2017 342 2076 et
358 2029 563 2100 expressum
582 2009 658 2099 ejus
681 2008 899 2102 sanguinem,
919 2030 1087 2077 unacum
1105 2030 1196 2099 pane
1243 1997 1245 2001 ’

147 2137 185 2193 et
211 2125 295 2194 vino
321 2133 474 2194 sumant.
528 2121 665 2193 Verum
705 2123 866 2216 symbola
895 2133 1195 2194 sacramentorum

147 2240 313 2330 quoniam
341 2262 396 2310 res
421 2261 508 2331 quas
536 2240 746 2333 significant,
773 2263 843 2310 non
874 2240 967 2309 intra
993 2263 1030 2309 se
1060 2238 1196 2316 clausas

147 2355 291 2426 realiter
315 2364 353 2426 et
378 2355 657 2426 substantialiter
683 2359 739 2445 (ut
764 2355 973 2450 loquuntur)
991 2357 1196 2438 continent;

148 2471 277 2542 deinde
320 2495 403 2541 cum
445 2473 551 2542 sacris
594 2471 785 2564 Scripturis
830 2473 1105 2544 determinatum
1150 2473 1196 2543 sit

148 2585 330 2658 Christum
359 2610 458 2675 suam
489 2586 525 2656 in
557 2586 686 2658 coelum
720 2587 912 2659 humanam
947 2597 1109 2660 naturam
1145 2591 1198 2659 in-

148 2703 296 2783 vexisse,
315 2725 381 2773 nec
406 2725 488 2773 cum
515 2701 576 2773 illa
601 2703 705 2774 sitin
734 2712 844 2775 terras
866 2714 950 2775 ante
968 2714 1110 2798 tempus
1135 2729 1198 2776 sx-

148 2819 251 2889 tremi
269 2818 396 2913 judicii
415 2818 667 2902 descensurus3
695 2806 867 2912 praete'rea
890 2843 972 2891 cum
998 2821 1076 2893 haec
1099 2845 1194 2893 com·

148 2936 315 3006 mentitis
348 2935 517 3005 naturalis
546 2937 701 3028 corporis
736 2936 865 3040 Christi
895 2938 1084 3030 praesentia
1118 2938 1197 3009 nul-

148 3050 222 3121 lum
265 3050 396 3121 habeat
432 3050 547 3144 majus
584 3062 804 3123 momentum
843 3055 888 3124 ad
927 3054 1196 3125 aedificationem

148 3177 276 3238 nostra
307 3166 486 3260 religionis
512 3191 619 3260 quam
647 3168 725 3240 haec
751 3167 882 3243 Christi
909 3173 1099 3263 praesentia
1119 3195 1197 3264 qua*

147 3285 217 3355 fide
234 3282 459 3378 percipitur¹,
473 3285 545 3356 imo
562 3287 693 3357 multas
711 3310 831 3358 secum
849 3286 972 3358 afferat
983 3289 1198 3381 quaestiones

147 3397 426 3491 inexplicabiles,
449 3422 491 3469 ac
518 3401 728 3470 assertiones
756 3399 860 3471 falsas
888 3409 926 3470 et
952 3411 1195 3493 portentosas:

146 3514 335 3585 absurdam
370 3513 461 3583 hanc
495 3514 691 3583 doctrinam
727 3536 797 3605 qua
831 3512 962 3584 Christi
996 3537 1122 3607 corpus
1160 3523 1197 3584 et

147 3631 289 3725 sanguis
315 3628 523 3700 naturaliter
539 3638 577 3699 et
602 3628 881 3700 substantialiter
899 3628 955 3717 (ut
977 3629 1028 3700 illi
1046 3629 1197 3722 loquun-

146 3747 222 3841 tur)
240 3747 285 3817 ad
304 3745 553 3816 eucharistiam
574 3748 760 3838 adrepunt,
778 3755 816 3817 et
841 3747 877 3816 in
904 3770 982 3817 eam
1009 3746 1199 3817 includun-

146 3873 217 3946 tur,
235 3883 377 3956 prorsus
392 3860 525 3932 aboleri
545 3860 718 3934 volumus.
768 3862 997 3957 Peregrinum
1019 3863 1113 3933 euim
1132 3872 1196 3945 est,

147 3990 183 4049 et
234 3977 392 4049 alienum
430 4000 452 4048 a
491 3978 596 4047 sacris
631 3976 767 4064 literis;
818 3979 946 4050 deinde
982 3980 1194 4050 contrarium
1208 4006 1248 4050 10

146 4096 310 4167 humanae
336 4103 473 4165 naturae
501 4096 654 4178 veritati,
678 4118 784 4187 quam
810 4095 972 4168 Christus
997 4094 1194 4186 assumpsit,

582 4326 590 4366 ¹
604 4318 772 4394 praecipitur.

640 4423 703 4486 ott
