2692 4800
510 286 558 337 DE
584 287 713 340 SUMMA
736 287 932 339 rmumsrn

259 620 342 715 (lup²
356 640 368 684 r
374 640 404 706 3.
428 618 569 704 Symbola
574 620 656 705 fidei
669 620 763 686 utilio
776 630 848 686 cunt
860 620 907 687 od
918 618 1190 703 immolandum

617 724 823 808 Scriptorum.

244 836 393 915 Summe
409 854 581 938 praeteren
596 846 679 916 fidei
697 847 814 939 cupite
831 848 924 939 (qnae
941 843 1111 916 articulos
1126 844 1249 939 appel·

197 958 325 1044 lomus)
343 983 364 1031 e
381 960 487 1030 sacris
504 958 696 1052 Scripturis
719 958 920 1031 clarissimis
936 960 1138 1052 desumpto,
1156 959 1249 1029 etin

200 1073 377 1168 Symbolis
397 1075 552 1145 breviter
568 1075 830 1167 comprehensa,
849 1076 886 1145 in
902 1075 1116 1167 exponendo
1132 1096 1251 1147 socrus

200 1190 319 1262 literas
336 1192 382 1262 ob
400 1190 521 1263 oculos
542 1202 715 1284 perpetuo
732 1189 939 1273 habeantur,
957 1189 1106 1283 nequid
1124 1200 1251 1263 contro

200 1330 241 1378 ee
258 1308 446 1401 aliquando
465 1309 750 1400 interpretemur,
767 1315 830 1378 ont
847 1306 1066 1377 definiamus.

378 1573 456 1659 Gap.
476 1593 525 1655 14.
548 1575 599 1637 Dc
613 1571 750 1637 conciliis
763 1571 844 1657 quid
854 1570 1060 1636 sentiendum.

247 1707 271 1779 J
272 1731 329 1780 cm
343 1732 426 1780 rero
440 1709 609 1793 conciliis,
620 1710 842 1803 potissimum
855 1709 1091 1804 generalibus,
1105 1712 1251 1783 temetsi

202 1826 382 1921 ingentem
395 1826 565 1896 honorem
576 1825 729 1896 libenter
739 1825 941 1907 deferimus,
951 1846 994 1894 es
1007 1832 1131 1895 temen
1144 1824 1253 1920 longe

201 1943 321 2012 omnic
347 1942 438 2013 infre
465 1940 727 2035 scripturarum
757 1942 1005 2012 canonicarum
1035 1941 1252 2037 dignitatem

201 2060 365 2152 ponende
370 2059 588 2151 judicamus:
603 2058 714 2129 sedet
728 2059 821 2128 inter
833 2057 908 2149 ipsa
917 2056 1068 2128 concilia
1079 2079 1253 2152 magnum

202 2175 391 2246 discrimen
416 2176 590 2267 ponimus.
644 2173 741 2245 Nam
767 2175 927 2266 quaedem
954 2172 1109 2258 illorum,
1133 2172 1254 2266 qualis

203 2299 287 2361 sunt
312 2292 488 2383 praecipua
512 2290 574 2361 illc
599 2301 760 2384 quatuor,
785 2290 977 2373 Nicenum,
998 2288 1254 2361 Constantino-

203 2405 400 2499 politanum
431 2407 595 2500 primum,
623 2407 854 2501 Ephesinum,
880 2415 919 2476 et
949 2405 1253 2491 chalcedonense,

84 2591 92 2607 ,
203 2546 333 2618 magna
361 2546 443 2594 cum
470 2524 668 2595 reverentia
691 2523 940 2616 amplectimur
964 2530 1003 2592 et
1027 2524 1253 2616 suscipimus.

205 2639 311 2723 Quod
337 2640 479 2731 quidem
500 2640 675 2732 judicium
704 2641 748 2710 de
774 2638 898 2710 multis
923 2638 1000 2710 eliis
1025 2662 1104 2731 quae
1130 2649 1255 2733 postes

205 2753 384 2825 celebrata
400 2765 483 2824 sunt
500 2756 654 2836 ferimus,
674 2757 709 2824 in
727 2756 855 2847 quibus
875 2755 1033 2826 videmus
1051 2762 1089 2826 et
1105 2756 1256 2827 confite·

206 2894 286 2940 mur
302 2872 538 2942 sanctissimos
555 2882 672 2963 patres
689 2873 733 2942 de
746 2873 851 2943 boatu
863 2882 900 2943 ct
917 2895 1056 2943 summu
1067 2872 1254 2957 Trinitate,

207 2988 251 3057 de
268 2985 292 3057 J
294 3008 356 3057 esu
373 2986 515 3058 Christo
534 2987 689 3059 Domino
707 2998 743 3058 et
767 2986 956 3060 Servetore
979 2998 1111 3073 nostro,
1129 2996 1169 3060 et
1188 2990 1256 3060 hn-

207 3127 312 3174 mana
328 3103 571 3196 redemptione
588 3128 651 3195 per
667 3128 750 3174 eum
764 3114 961 3198 procuratu,
972 3105 1080 3197 juxte
1093 3103 1256 3199 Scriptu-

207 3243 263 3291 ras
280 3220 416 3290 divinas
436 3219 550 3291 multa
568 3221 773 3314 gravissime
791 3231 827 3292 et
846 3244 1014 3314 perquam
1032 3230 1155 3293 snncte
1171 3245 1257 3293 con-

208 3337 374 3406 stituisse.
426 3335 565 3419 Quibus
592 3347 712 3407 temen
737 3361 808 3407 non
834 3336 938 3408 aliter
962 3339 1069 3408 fidem
1098 3348 1257 3411 nostrum

208 3451 432 3545 obligandam
452 3475 527 3522 esse
544 3474 737 3535 censemus,
755 3453 820 3523 nisi
839 3461 1013 3545 qnatenus
1031 3478 1076 3525 ex
1094 3454 1258 3549 Scriptu-

208 3567 256 3637 ris
271 3569 400 3638 sanctis
417 3567 614 3638 confirmari
632 3569 776 3661 possint.
807 3569 902 3640 Nem
920 3570 1069 3641 concilia
1086 3571 1259 3643 nonnulle

208 3684 387 3754 interdum
405 3705 546 3765 errasse,
565 3691 602 3752 et
625 3684 799 3755 contraria
824 3686 918 3756 inter
943 3708 1019 3756 sese
1045 3686 1288 3780 definivisse,4

209 3800 338 3892 purtim
364 3799 400 3867 in
423 3799 620 3870 actionibus
638 3801 739 3891 juris,
757 3804 883 3892 purtim
903 3804 1011 3873 etiarn
1029 3804 1064 3873 in
1083 3802 1165 3886 fide,
1181 3825 1259 3875 me-

209 3917 376 3987 nifestum
395 3926 460 3986 est.
513 3916 640 4009 ltaque
663 3917 826 4010 legentur
847 3918 995 3989 concilia
1011 3920 1154 4011 quidem
1173 3944 1258 3992 cum

211 4031 343 4102 bonore
368 4042 475 4123 atque
501 4033 700 4104 Christiana
725 4037 931 4116 reverentis,
955 4037 1016 4106 sed
1042 4036 1185 4106 interim
1210 4038 1256 4109 ad

212 4147 472 4240 Scripturarum
499 4150 593 4241 piam
617 4159 751 4220 cortem
779 4162 983 4243 rectamque
1010 4151 1169 4245 regulum
1195 4176 1259 4225 ex·

211 4263 421 4333 eminenter.
