2692 4800
149 299 196 364 38
459 312 509 362 uu
534 312 886 365 coumourronmus.
1182 311 1212 363 c·
1228 308 1287 386 5-ζ

148 478 242 539 tores
260 465 388 560 quibus
406 465 558 559 speciale
572 465 807 559 privilegium,
820 464 889 535 hoc
902 472 967 546 est,
980 464 1197 558 praecipuam

148 591 186 655 et
202 581 414 676 peculiarem
430 591 644 676 potestatem
658 581 818 666 indulsit,
832 580 905 652 late
918 602 982 672 per
999 581 1197 653 universam

149 699 327 770 dioecesim
352 720 451 769 suam
469 698 712 781 concionandi,
730 699 836 768 certis
861 697 1082 791 temporibus
1098 699 1144 769 ad
1160 719 1198 769 se

149 814 297 909 singulis
327 815 427 884 annis
457 824 660 909 congreget,
686 812 866 885 cumillis
894 814 939 884 de
969 813 1198 908 concionibus

149 930 398 1012 communicet,
418 953 458 1000 ao
481 953 527 1001 ex
551 930 621 1001 illis
643 927 835 1024 perdiscat¹
858 951 935 1022 quae
953 929 1050 1013 vitia,
1069 930 1197 1023 quibus

149 1046 187 1115 in
213 1046 300 1117 locis
327 1048 483 1118 maxime
509 1048 789 1140 frequententur,
815 1057 852 1118 et
878 1046 1007 1140 quibus
1032 1047 1197 1119 remediis

149 1164 260 1256 possit
289 1162 359 1233 illis
389 1163 557 1235 facillime
588 1167 734 1245 occurri,
764 1173 805 1235 ut
835 1163 1015 1235 communi
1047 1165 1197 1256 quadam

150 1281 409 1373 conspiratione
435 1283 720 1352 concionatorum
749 1281 956 1374 improbitas
984 1289 1197 1362 coerceatur,

149 1405 188 1468 et
206 1398 319 1491 pietas
336 1396 516 1468 dilatetur.

268 1594 347 1679 Gap.
363 1596 393 1659 6.
416 1595 467 1658 De
481 1592 598 1679 hirqui
611 1595 750 1659 imcrcaoe
764 1594 865 1659 mdccc
880 1594 1077 1662 concionibus.

200 1716 379 1801 Quoniam
403 1717 599 1810 praecipuus
620 1718 845 1789 sabbatomm
870 1719 987 1790 cultus
1007 1719 1043 1788 in
1069 1715 1199 1810 ²perci·

150 1832 280 1927 pienda
297 1855 473 1903 sacrarum
491 1833 752 1926 Scripturamm
771 1835 918 1906 scientia
935 1834 1109 1916 consistit,
1122 1833 1199 1904 illos

150 1949 397 2020 ecclesiasticis
420 1946 552 2041 poenis³
575 1950 669 2020 feriri
698 1951 869 2033 volumus,
888 1951 947 2042 qui
972 1950 1199 2022 concionibus

149 2068 321 2138 interesse
339 2064 476 2148 uolunt,
494 2072 557 2136 aut
574 2066 771 2160 negligunt,
788 2067 853 2138 nisi
872 2068 1017 2138 morbus
1039 2065 1121 2138 illos
1137 2067 1200 2136 im·

148 2182 279 2275 pediat,
294 2181 351 2252 vel
365 2181 600 2252 necessarium
615 2183 693 2263 iter,
708 2182 763 2253 vel
778 2182 848 2254 alia
862 2184 1005 2276 pietatis
1018 2183 1199 2273 exercitia,

150 2299 207 2371 vel
221 2297 339 2390 aliqua
356 2297 555 2390 hujusmodi
574 2300 718 2394 negotia
735 2323 812 2392 quae
825 2302 969 2370 omniuo
983 2322 1129 2372 necesse
1146 2310 1200 2371 est

150 2417 271 2489 statim
291 2416 391 2487 obiri.
444 2415 493 2486 Et
509 2416 578 2486 hoc
595 2418 632 2486 in
650 2417 728 2487 loco
746 2419 867 2511 primae
889 2427 1006 2510 partes
1027 2416 1199 2488 nobilium

151 2543 189 2605 et
206 2533 404 2624 principum
420 2531 572 2602 viromm
587 2555 663 2603 esse
677 2533 818 2616 debent,
832 2544 874 2603 ut
886 2556 949 2604 suo
964 2533 1199 2625 pulcherrimo

152 2658 190 2719 et
213 2646 483 2718 honoratissimo
509 2647 675 2740 exemplo
701 2649 818 2719 studia
840 2648 1060 2741 plebeiomm
1081 2659 1126 2720 'et
1149 2649 1199 2718 iu·

152 2766 320 2837 l'eriorum
333 2764 496 2833 invitent.
523 2763 662 2835 Deinde
676 2767 957 2858 praecipimus,ut
970 2774 1116 2858 propter
1128 2788 1199 2836 ma·

144 2884 261 2975 jorem
280 2881 384 2975 hujus
401 2882 452 2952 rei
470 2881 689 2975 disciplinam
708 2884 945 2966 sanciendam,
963 2884 1198 2975 magistratus,

145 3000 345 3092 justiciarii,
372 2999 528 3091 praefecti
555 3001 752 3083 civitatum,
773 3009 811 3071 et
836 3000 962 3093 reliqui
988 3023 1198 3094 quocunque

144 3116 399 3208 jurisdictionis
424 3116 567 3186 nomine
594 3126 814 3198 censeantur,
837 3115 1067 3187 concionibus
1093 3117 1198 3188 inter·

152 3234 233 3314 sint,
251 3233 318 3302 nisi
344 3253 474 3324 magua
491 3231 571 3302 illos
592 3242 629 3301 et
647 3234 790 3305 omniuo
808 3257 879 3303 uon
897 3233 1198 3327 praetermittenda

152 3368 256 3416 causa
273 3347 442 3416 ‹letineat

243 3542 321 3627 Gap.
339 3558 368 3625 7.
395 3541 478 3621 Quid
490 3541 525 3606 de
539 3542 587 3606 laia
601 3544 789 3608 staticulum
804 3545 844 3609 ait
858 3544 913 3630 quvi
924 3547 959 3609 io
975 3545 1111 3610 conciam
1204 3554 1287 3606 fl

585 3648 767 3733 obstrepunt.

203 3775 242 3846 si
269 3777 328 3868 qui
355 3785 455 3846 tanta
480 3778 750 3870 importunitate
776 3780 856 3860 sint,
884 3788 924 3849 ut
950 3781 1196 3851 concionatore

151 3892 267 3964 adhuc
293 3916 337 3962 ex
365 3891 502 3984 pulpito
528 3894 707 3987 loquente,
727 3896 782 3967 vel
802 3896 960 3966 interfari
984 3896 1040 3966 vel
1066 3897 1198 3968 obstre-

151 4030 234 4100 pere
263 4008 384 4091 velint,
412 4008 469 4079 vel
496 4010 540 4079 ad
570 4011 668 4081 illum
696 4011 921 4104 aliquomodo
950 4011 1127 4095 allatrare,
1154 4011 1195 4082 ab

154 4125 313 4197 Ecclesia
330 4136 569 4221 segregentur,
589 4139 626 4199 et
649 4130 905 4201 communionis
929 4130 999 4201 sint
1023 4139 1195 4223 expertes,

217 4304 225 4336 ¹
240 4299 399 4374 praediscat.
564 4297 576 4336 ²
590 4301 785 4377 praecipienda.
949 4309 962 4348 ³
975 4302 1066 4378 poenis
1081 4323 1133 4360 om.
