2692 4800
447 332 498 383 os
524 331 880 383 remuurrromous.
1115 311 1187 389 267

143 487 225 559 dem
259 484 409 569 mulieri,
443 508 520 579 quoe
553 487 758 559 divisionem
800 487 1019 571 abhorrebat,
1053 490 1189 581 adjudi-

144 605 248 675 cavit.
301 601 412 675 Curet
434 614 592 676 attamen
611 605 737 697 judex,
757 613 796 674 ut
819 604 973 676 violenta
999 628 1188 699 praesump·

145 720 207 801 tio,
225 743 297 813 qus
318 727 438 791 motus
461 728 515 791 eet
540 722 584 792 ad
612 721 791 792 ferendam
817 723 1041 805 sententiam,
1058 724 1190 816 scripta

144 842 248 905 extet
275 835 312 904 in
337 834 435 917 actis,
454 857 531 935 ¹puo
558 844 724 927 appareat
750 836 935 905 sententiae
960 833 1039 906 late
1063 834 1190 905 funda-

144 960 319 1023 mentum.

217 1160 297 1246 Cep.
307 1180 338 1242 4.
360 1158 509 1224 Prodotio
523 1158 659 1223 caerealis
672 1158 787 1245 copule
792 1180 856 1245 per
865 1158 1119 1245 praesumptiones.

199 1308 372 1381 Violenta
405 1308 679 1402 praesumptione
712 1307 851 1400 probari
885 1306 1058 1379 carnalem
1094 1332 1190 1380 com·

146 1427 348 1497 mistionem
369 1424 488 1495 nullus
514 1423 665 1507 dubitet,
683 1423 793 1495 veluti
817 1426 846 1496 si
868 1424 1044 1495 masculus
1067 1436 1104 1495 et
1127 1426 1190 1497 foe-

146 1543 251 1625 mine,
279 1539 373 1612 solus
402 1564 484 1611 cum
511 1541 594 1619 sols,
621 1541 736 1611 nudus
762 1564 843 1611 cum
869 1541 972 1623 nuda,
996 1542 1032 1610 in
1063 1543 1189 1613 eodem

147 1658 241 1731 lecto
277 1658 437 1749 jacentes
474 1656 683 1749 deprehensi
723 1657 864 1727 luerint.
928 1656 970 1727 ln
1011 1659 1191 1751 probanda

147 1774 403 1846 commixtione
439 1774 545 1844 maris
579 1785 617 1844 et
651 1774 815 1857 loeminae,
846 1776 996 1845 sufficiat
1029 1776 1190 1868 probatio

147 1900 293 1964 actuum
319 1890 591 1985 propinquorum
614 1889 658 1961 ad
683 1914 771 1973 earn,
790 1892 875 1961 dum
901 1900 1021 1963 tamen
1046 1895 1189 1963 testium

146 2008 293 2081 accedat
322 2005 522 2078 credulitas.
576 2006 678 2078 Uxor
707 2008 763 2078 oui
794 2010 939 2079 maritus
966 2032 1034 2079 non
1066 2011 1128 2081 abs
1153 2033 1191 2081 re

147 2125 384 2206 denunciabit,
408 2147 454 2194 ne
479 2147 561 2195 cum
586 2147 638 2208 eo,
656 2146 761 2216 quem
788 2133 990 2217 suspectum
1017 2125 1191 2209 habuerit,

148 2244 417 2335 colloqueretur,
447 2249 627 2311 seoretove
658 2242 831 2311 consortio
861 2249 1031 2324 uteretur,
1056 2243 1087 2312 si
1118 2265 1192 2313 ma-

147 2362 204 2433 riti
226 2360 534 2431 denunciationem
552 2367 703 2452 spernat,
719 2355 881 2428 adultera
897 2367 1090 2429 censeatur.

363 2566 439 2653 Gap.
449 2582 480 2653 5.
507 2566 585 2637 Quis
597 2566 638 2631 sit
651 2563 803 2630 dedendus
808 2586 871 2651 pro
879 2573 981 2652 patre.

198 2715 289 2810 Ejus
321 2713 414 2784 filius
448 2736 524 2785 esse
558 2716 786 2806 praesumitur,
812 2715 849 2784 in
883 2716 984 2809 cujus
999 2682 1129 2798 domo,
1156 2724 1193 2787 et

149 2836 248 2928 cujus
277 2854 323 2902 ex
354 2852 465 2901 uxore
495 2831 573 2921 quis
607 2831 772 2914 nascitur,
806 2829 891 2900 licet
924 2854 1014 2901 uxor
1047 2831 1193 2903 forsitan

149 2962 309 3043 tempore
331 2947 571 3039 conceptionis
588 2970 668 3017 curn
687 2946 757 3016 alio
777 2947 1016 3030 concubuerit,
1034 2948 1099 3017 nisi
1120 2971 1193 3018 ma-

149 3067 208 3137 riti
233 3066 400 3136 diutuma
425 3063 595 3147 absentia,
622 3065 810 3135 adversare
836 3063 1012 3146 valetudo,
1037 3074 1099 3134 aut
1125 3063 1194 3135 alia

144 3186 242 3277 justa
258 3205 375 3267 causa,
392 3181 488 3252 aliud
507 3183 662 3252 suadeat.

393 3389 471 3475 Gap.
483 3392 512 3453 6.
536 3389 746 3471 Praesumptio
761 3388 838 3451 ntuli
849 3388 958 3452 animi.

201 3537 246 3619 le,
273 3537 331 3629 qui
359 3544 481 3606 contra
510 3535 630 3629 legum
657 3536 854 3617 interdicta,
880 3536 1067 3628 quicquam
1094 3536 1196 3607 moli-

151 3663 217 3734 tur,
235 3652 364 3723 malam
386 3651 492 3722 fidem
511 3674 649 3743 semper
672 3650 801 3720 habere
824 3653 1079 3743 praesumitur¹.
1123 3650 1196 3723 De·

150 3768 310 3861 prehensi
340 3769 377 3838 in
405 3766 534 3837 delicto
562 3788 699 3857 semper
728 3768 950 3858 presumitur
977 3767 1091 3839 malus
1120 3772 1196 3839 ani-

149 3906 240 3955 mus.
291 3884 417 3977 ltaque
446 3884 507 3976 qui
536 3905 617 3953 cum
648 3883 824 3953 nocuisset
850 3882 965 3967 alicui,
985 3885 1069 3976 joco
1094 3908 1132 3956 se
1157 3887 1192 3956 id

152 4001 274 4073 fecisse
303 4002 400 4083 dicit,
426 4010 593 4094 tanquam
625 3998 798 4070 obnoxius
825 4008 977 4084 tenetur,
1002 4001 1068 4072 nisi
1094 4024 1193 4073 suam

152 4118 276 4210 probet
298 4118 546 4187 innocentiam.

559 4264 567 4310 ¹
584 4276 779 4343 presumatur.
