2692 4800
148 276 219 343 138
519 292 568 342 nn
592 290 846 344 nuansunums.
901 347 905 355 ,

145 460 255 530 serint
288 467 459 552 tempora.
526 457 836 553 Foeminarumque
867 480 915 531 ex
947 457 1063 532 altera
1094 470 1186 555 parte

144 574 268 646 similis
290 576 337 647 sit
353 598 469 669 poena,
486 576 625 669 quoties
646 575 770 648 similis
790 586 846 648 est
863 598 981 648 causa.
1034 576 1133 662 Quas
1147 578 1187 651 ad

144 715 309 786 personas
324 700 612 776 annumerentur,
629 692 690 786 qui
709 692 795 764 duas
811 716 941 765 uxores
957 694 1089 766 eodem
1105 704 1188 767 tem·

144 831 229 901 pore
264 808 604 902 comprehenderint,
640 808 697 880 vel
731 809 885 881 ioeminoe
924 809 1017 883 duos
1050 812 1188 885 maritos

145 933 335 1008 sumentes,
349 925 415 996 nisi
432 922 633 1018 legitimum
650 924 818 1018 inpriore
834 948 986 1019 persona
1000 927 1187 1023 divortipm

144 1049 386 1134 antegressum
413 1039 614 1132 posterioris
638 1037 700 1129 jus
724 1039 937 1112 conditionis
969 1040 1116 1114 firmum
1143 1044 1188 1115 ef·

144 1156 278 1227 fecerit.
339 1154 565 1249 Ablegentur
598 1156 706 1227 ctiam
741 1156 944 1249 quicunque
977 1157 1188 1231 famosorum

145 1273 301 1344 damnati
320 1280 403 1342 snut
419 1271 629 1364 scriptorum
648 1272 968 1366 quomodocunque
980 1277 1188 1369 composito-

145 1411 235 1471 rum,
253 1389 315 1480 qui
338 1388 574 1459 meretriciam
593 1386 649 1458 vel
671 1387 847 1459 lenoniam
869 1389 1112 1476 exercitarint,
1128 1393 1188 1465 nisi

145 1503 303 1598 publicas
321 1503 541 1596 publicorum
560 1502 747 1573 criminum
766 1525 886 1596 poenas
903 1503 1090 1576 subierint.
1133 1504 1187 1577 Ad

145 1629 346 1692 extremum
364 1630 402 1691 et
418 1620 656 1702 foeneratores,
673 1627 737 1689 aut
755 1622 812 1713 (ut
828 1620 1042 1692 crassissime
1060 1621 1186 1718 vulgari

145 1738 251 1810 modo
278 1737 476 1831 loquamur)
506 1736 662 1817 usurarii,
690 1735 755 1805 nisi
782 1735 874 1806 forte
900 1736 958 1808 vel
987 1759 1112 1810 usuras
1139 1760 1186 1809 re

145 1855 310 1937 fuderint,
345 1853 403 1924 vel
437 1853 482 1924 de
516 1851 744 1924 refundendis
783 1850 888 1943 plene
927 1854 1099 1938 caverint,
1131 1864 1186 1925 aut

144 1979 289 2064 propter
304 1968 382 2040 illas
406 1968 523 2060 aliqua
546 1970 683 2038 ratione
699 1966 769 2037 alia
785 1968 924 2061 integre
943 1969 1184 2042 satisfecerint.

145 2087 214 2158 His
240 2087 349 2181 igitur
375 2085 538 2156 omnibus
567 2084 689 2176 positis
716 2082 873 2177 personis
904 2107 971 2156 nec
1000 2095 1185 2159 testamen-

145 2201 238 2275 tum¹
263 2202 506 2296 componendi,
525 2224 591 2272 nec
608 2200 780 2271 haeredem
804 2201 1013 2272 instituendi
1028 2203 1091 2296 jus
1114 2206 1184 2277 erit.

145 2320 194 2390 Et
215 2319 411 2415 generatim
436 2317 504 2388 hoc
528 2316 800 2411 intelligendum
824 2317 902 2400 erit,
920 2326 1134 2392 testatorum
1151 2322 1203 2411 il·¹

144 2438 215 2509 lam
243 2460 318 2508 esse
345 2435 585 2506 conditionem
611 2433 862 2504 excutiendam
894 2445 932 2506 et
962 2438 1184 2529 sequendam,

144 2579 224 2647 quae
247 2557 324 2648 jam
347 2551 585 2633 morientium,
612 2573 682 2619 non
708 2573 786 2641 quae
811 2550 917 2645 longe
948 2562 1034 2624 ante
1060 2561 1185 2627 testan-

144 2671 233 2741 tium
253 2670 370 2740 fuerit.

179 2886 254 2971 Gap.
272 2887 301 2949 8.
327 2882 476 2964 Quomodo
491 2882 544 2968 qui
558 2881 788 2967 communijure
803 2892 1011 2950 testamentum
1026 2889 1152 2954 condere
1191 2900 1221 2962 66

320 3009 378 3051 non
386 2995 523 3073 possunt,
539 2994 640 3049 tameo
655 2985 781 3070 adpicta
794 3008 901 3053 consae
915 2987 1015 3074 orara

563 3088 768 3174 relinquant

194 3214 254 3284 Ad
281 3221 481 3283 extremum
511 3213 591 3282 vitae
619 3222 760 3305 tempus
789 3214 848 3306 qui
875 3217 1111 3289 concubinam
1139 3243 1186 3291 as-

144 3339 294 3411 servant,
322 3327 375 3398 vel
403 3329 489 3398 duas
520 3329 674 3398 retinent
704 3352 842 3411 uxores,
870 3332 993 3402 itidem
1024 3335 1187 3407 mulieres

144 3469 291 3538 quarum
316 3442 439 3514 similis
462 3443 615 3535 pravitas
637 3453 700 3526 est,
719 3446 762 3514 ad
781 3446 855 3537 pias
879 3470 1000 3518 causas
1018 3449 1188 3523 bonasus

144 3571 290 3654 possunt
322 3560 599 3629 accommodare.
652 3558 824 3630 Similiter
857 3563 917 3653 qui
952 3568 1187 3638 meretriciam

144 3678 200 3749 vel
229 3677 406 3746 lenoninm
436 3674 577 3768 publice
610 3677 843 3762 exercuerint,
871 3688 934 3749 aut
963 3680 1188 3754 foeneratores

144 3793 286 3873 fuerint,
305 3813 369 3862 nec
394 3793 437 3861 ad
456 3793 584 3862 bonam
608 3792 746 3885 frugem
765 3816 920 3885 unquam
945 3819 983 3867 se
1007 3821 1188 3870 revocave-

144 3910 224 3992 rint,
256 3919 374 3978 tamen
408 3907 436 3977 si
471 3908 537 3999 piis
567 3907 690 3977 officiis
720 3917 881 3980 extrema
910 3911 1095 3983 voluntate
1129 3937 1188 3985 sna

145 4029 334 4118 quicquam
364 4024 580 4114 impendant,
604 4024 770 4095 honestas
798 4025 861 4095 has
891 4026 999 4097 etiam
1026 4029 1064 4097 in
1090 4029 1186 4100 malis

145 4141 301 4234 personis
318 4138 551 4230 cogitationes
569 4138 685 4208 valere
703 4138 829 4231 placet.

310 4281 316 4319 ¹
333 4280 502 4339 testamenti.
828 4280 1027 4360 ²relinquunt,
