2692 4800
418 296 705 348 aarunaannro
722 295 933 348 casuuurrs.
1128 282 1200 345 223

146 461 233 521 tnnc
266 450 443 521 malitiose
473 452 530 544 agi
556 453 789 542 praesumitur,
817 450 994 542 debetque
1021 450 1058 530 is,
1085 472 1202 540 aquo

146 567 313 661 exigitur,
338 567 460 658 jurare
494 589 532 637 se
562 590 632 637 non
668 589 745 637 esse
778 568 960 637 conscium
995 566 1059 636 sibi
1096 564 1203 634 uilius

146 682 292 753 malitiae
321 694 385 753 aut
414 683 558 767 fraudis,
582 705 652 776 qua
678 682 832 768 studeat,
860 683 896 751 in
926 705 970 753 eo
1000 680 1095 774 quod
1125 702 1203 772 pro·

146 799 251 892 ponit
275 808 339 869 aut
369 799 454 893 agit,
481 799 718 869 adversarium
745 797 1010 869 circumvenire.
1063 795 1204 866 Potest-

146 937 217 1006 que
250 913 318 983 hoc
339 915 537 1008 Juramenti
564 937 677 1009 genus
705 921 851 984 stante
880 912 951 983 litis
977 913 1205 983 contestatio-

146 1052 230 1100 nem
256 1040 295 1099 et
318 1039 444 1121 postea
466 1029 575 1123 exigi,
594 1052 665 1099 non
689 1029 844 1099 soluma
867 1028 1019 1099 dominis
1041 1027 1124 1109 litis,
1142 1025 1203 1097 sed

147 1149 259 1216 etiarn
295 1144 340 1215 ab
375 1166 498 1216 eorum
532 1146 817 1237 procuratoribus
851 1152 889 1215 et
922 1144 1133 1224 substitutis,
1164 1152 1205 1211 ut

148 1261 286 1331 dictum
308 1270 373 1342 est,
391 1258 532 1354 quoties
554 1260 781 1353 praesumptio
804 1269 859 1330 est
884 1261 1058 1331 malitiose
1082 1260 1150 1352 agi.

245 1466 324 1553 Gap.
335 1469 365 1530 6.
395 1466 614 1532 loramentum
636 1476 691 1531 cat
706 1489 768 1552 por
789 1466 943 1530 dominura
967 1464 1031 1528 litis
1043 1467 1115 1547 fiat,

492 1579 547 1633 nat
559 1579 864 1655 perprocaratorcm.

200 1713 380 1787 Dominus
401 1737 513 1785 causae
530 1716 574 1787 de
599 1715 776 1786 calumnia
787 1718 908 1809 jurare
931 1715 1048 1795 debet,
1066 1715 1206 1805 quando

150 1831 256 1905 facile
282 1831 408 1903 haberi
437 1840 584 1925 potest;
622 1833 754 1925 alioqui
779 1834 1025 1926 juramentum
1056 1831 1206 1902 sufficiet

150 1949 399 2044 procuratoris,
435 1947 541 2019 modo
576 1948 726 2042 speciale
760 1951 967 2019 mandatum
1000 1947 1129 2018 habeat
1162 1947 1206 2017 ad

145 2064 343 2158 jurandum
373 2065 411 2134 in
442 2087 485 2135 ea
514 2087 619 2137 causa
652 2067 697 2136 de
731 2065 917 2136 calumnia.
970 2062 1143 2135 Attamen
1179 2065 1207 2132 si

152 2204 173 2253 a
205 2181 354 2251 domino
390 2180 462 2250 fuit
497 2190 580 2252 ante
616 2183 806 2253 discessum
841 2181 1045 2253 universalis
1079 2180 1209 2251 consti-

153 2306 256 2368 tutus
290 2304 499 2389 procurator
535 2299 758 2392 negotiorum
793 2299 880 2390 ejus,
915 2320 985 2368 non
1019 2297 1087 2368 erit
1121 2318 1209 2386 opus

153 2411 299 2507 speciali
326 2414 505 2483 mandato.
560 2413 599 2484 Si
626 2413 760 2484 domini
787 2412 859 2483 litis
884 2414 929 2482 de
956 2410 1132 2482 calumnia
1150 2411 1209 2500 ju-

151 2537 285 2611 rarunt,
311 2537 349 2599 et
376 2528 506 2599 deinde
532 2551 613 2600 suos
639 2539 882 2622 procuratores
908 2529 1138 2598 instituerunt
1165 2527 1208 2596 ad

153 2643 256 2716 litem
287 2645 581 2736 prosequendam,
606 2655 848 2738 procuratores
874 2644 982 2716 etiam
1008 2644 1054 2714 de
1078 2642 1210 2714 calum·
1268 2656 1272 2664 ’

154 2761 213 2831 nia
234 2762 360 2853 jurare
387 2760 579 2844 debebunt,
608 2762 669 2833 sed
700 2762 743 2831 ad
771 2762 838 2832 hoc
866 2759 1007 2854 speciali
1042 2760 1210 2830 mandato

154 2898 225 2946 non
245 2896 336 2966 opus
354 2875 433 2944 erit.

213 3047 295 3133 Gap.
311 3062 340 3130 7.
363 3046 485 3110 Jcraas
499 3046 581 3109 dabat
594 3066 653 3109 aon
667 3045 756 3109 boon
771 3041 878 3108 bodera
892 3064 993 3108 caruca
1006 3044 1155 3108 notitiam.

205 3176 448 3246 OEconomum
472 3198 533 3246 seu
561 3184 823 3268 procuratorem
849 3180 912 3243 aut
937 3172 1131 3265 syndicum,
1149 3176 1209 3266 qui

155 3290 201 3360 ad
223 3289 420 3382 jurandum
452 3290 497 3359 de
524 3289 700 3360 calumnia
725 3297 779 3358 est
803 3287 1055 3369 admittendus,
1076 3289 1211 3380 justam

157 3414 194 3476 et
212 3428 285 3475 non
307 3403 422 3475 iovem
440 3428 553 3476 causae
571 3405 733 3475 notitiam
751 3403 881 3474 habere
899 3411 1050 3495 oportet.

229 3574 311 3658 Gap.
323 3574 353 3636 8.
376 3574 504 3637 Mortuo
519 3571 617 3635 adera
626 3579 727 3655 parts,
741 3591 885 3634 successor
899 3571 979 3636 idam
986 3571 1150 3658 prostabit

574 3672 794 3757 juramentum.

209 3806 369 3892 Quando
391 3807 421 3877 is
446 3805 507 3898 qui
534 3803 634 3874 litem
660 3803 879 3873 instituerat¹
910 3814 1070 3878 mortuus
1096 3809 1215 3894 fuerit,

158 3923 270 3992 haeres
297 3928 362 3989 aut
386 3940 564 3989 successor
589 3917 676 4008 ejus,
693 3918 752 4008 qui
777 3917 878 3989 litem
905 3931 959 3992 est
985 3934 1217 4019 prosequuta.

160 4062 231 4121 rus,
243 4038 493 4129 juramentum
517 4032 704 4102 calumniae
728 4044 893 4123 prestare
917 4037 1034 4122 debet,
1054 4040 1139 4112 lieet
1156 4045 1216 4135 qui

159 4161 327 4222 mortuus
345 4159 399 4218 est
411 4148 593 4237 juraverit.

600 4278 608 4316 ¹
625 4285 788 4343 instituerit.
