2692 4800
432 321 860 383 rnmnuuousorrrcns.
1117 309 1186 375 101

146 479 357 572 supplicium
388 487 627 571 contemptus.
681 477 798 549 Officii
827 479 880 548 sui
905 485 1007 547 sexto
1032 476 1192 570 quolibet

145 618 266 666 mense
301 597 507 688 episcopum
541 604 604 665 aut
638 592 705 664 loci
750 593 962 664 ordinarium
1006 593 1192 664 certiorem

146 712 262 795 faciet,
280 720 370 804 quot
387 712 423 781 in
442 711 518 802 ejus
535 706 728 780 decanatu¹
757 710 943 780 conciones
965 730 1008 779 eo
1025 710 1194 801 temporis

146 829 259 920 spatio
276 827 411 898 fuerint
428 826 568 897 habitur.

443 1037 521 1123 Gap.
538 1038 568 1099 6.
592 1037 644 1099 De
658 1035 891 1100 archidiaconis.

196 1174 480 1247 Archidiaconus
497 1177 543 1247 sit
557 1176 739 1268 proximus
756 1183 836 1267 post
852 1175 1056 1266 episcopum
1071 1182 1108 1245 et
1119 1176 1195 1266 ejus

148 1292 316 1364 vicarium
342 1292 505 1363 minister
521 1289 677 1373 Domini,
700 1289 797 1360 salvo
823 1299 942 1360 tamen
963 1290 1045 1381 jure
1071 1290 1194 1361 decani

147 1408 241 1501 quod
266 1409 310 1479 ad
334 1407 575 1479 cathedralem
601 1406 787 1478 ecclesiam
813 1413 963 1498 spectat.
1017 1404 1075 1477 Ac
1092 1429 1196 1499 prop-

147 1533 246 1594 terea
262 1525 308 1593 sit
327 1525 519 1617 presbyter,
532 1533 569 1594 et
587 1525 622 1592 in
642 1523 820 1615 perpetuis
838 1521 1008 1604 excubiis,
1023 1531 1063 1591 ut
1081 1522 1141 1613 qui
1159 1524 1195 1591 in

147 1639 390 1710 functionibus
415 1649 499 1710 sunt
523 1640 756 1721 inferioribus,
778 1639 966 1733 diiigenter
991 1660 1094 1709 suum
1121 1638 1197 1710 offi-

147 1757 242 1826 cium
260 1755 402 1826 faciant.
455 1754 537 1827 Sint
553 1758 675 1849 itaque
692 1757 785 1827 oculi
804 1755 969 1849 episcopi.
1022 1755 1064 1825 In
1083 1754 1196 1826 erchi-

147 1865 356 1940 diaconatu²
378 1869 564 1952 resideant,
583 1871 847 1952 concionentur,
865 1878 1020 1962 pascant,
1038 1870 1195 1939 visitent.

148 1979 237 2066 Quae
255 1982 285 2052 si
302 2004 375 2052 non
390 1983 633 2075 praestiterint,
651 1984 718 2053 nisi
734 1984 871 2075 justam
895 1983 1060 2076 episcopo
1080 1982 1197 2055 reddi·

147 2098 266 2169 derint
288 2120 440 2180 causam,
456 2097 502 2168 ab
520 2121 562 2168 eo
581 2101 736 2169 censuris
759 2107 796 2170 et
814 2100 927 2192 poenis
950 2099 1197 2171 ecclesiasticis

147 2214 190 2285 ad
217 2213 418 2306 hujusmodi
445 2214 634 2285 trudantur
659 2215 782 2287 officia.
835 2214 952 2286 Annis
977 2224 1098 2287 autem
1125 2216 1194 2287 sin-

147 2330 240 2424 gulis
264 2330 329 2412 bis,
354 2340 416 2402 aut
441 2332 485 2401 ad
511 2332 700 2401 minimum
726 2331 846 2412 semel,
872 2331 1195 2403 archidiaconatum

148 2468 251 2517 suum
285 2445 541 2539 perlustrabit3
579 2446 909 2540 archipresbyteros
940 2459 979 2518 et
1012 2448 1196 2518 inferiores

147 2561 301 2655 reliquos
318 2563 496 2634 ministros
513 2586 637 2634 omnes
653 2586 723 2633 non
742 2565 854 2636 solum
873 2587 1016 2636 suorum
1030 2565 1197 2636 admone·

149 2676 200 2748 bit
218 2677 425 2763 officiomm,
443 2681 504 2750 sed
523 2681 695 2752 rationem
718 2682 826 2751 etiam
848 2680 893 2751 ab
919 2683 969 2751 eis
993 2689 1141 2774 repetet,
1159 2691 1198 2752 et

148 2793 192 2865 de
215 2793 430 2887 templorum
454 2818 496 2866 ec
518 2797 746 2867 aediiiciorum
771 2797 889 2879 ruinis,
908 2807 946 2867 et
969 2796 1014 2867 de
1039 2796 1197 2869 thesauri

148 2933 343 3004 paupemm
361 2911 619 2994 distributione,
637 2921 674 2982 et
693 2912 737 2982 de
761 2912 934 2983 bonomm
961 2912 1120 2985 ecclesiae
1138 2912 1195 2983 vel

148 3027 346 3099 accessione
363 3026 420 3099 vel
438 3027 651 3099 decessione.
702 3026 809 3111 Quod
834 3040 954 3099 autem
981 3029 1055 3099 sive
1080 3029 1117 3099 in
1142 3029 1197 3100 his

148 3144 262 3226 rebus,
280 3144 354 3214 sive
379 3143 416 3214 in
443 3143 513 3214 illis
537 3166 619 3234 quae
645 3142 689 3213 ad
715 3142 1009 3235 archipresbyteri
1035 3140 1196 3234 explora·

149 3261 282 3330 tionem
300 3259 514 3342 refemntur,
526 3269 713 3352 peccatum
731 3258 809 3341 erit,
819 3281 883 3351 per
899 3280 1063 3328 censuras
1083 3257 1197 3329 eccie-

148 3375 305 3447 siasticas
325 3376 530 3470 corrigetur.
582 3374 675 3468 Ipse,
693 3376 721 3445 si
746 3398 784 3445 se
808 3383 905 3446 recte
928 3398 999 3446 non
1021 3384 1132 3469 gerat,
1150 3376 1196 3447 ab

148 3493 312 3584 episcopo
354 3492 579 3585 castigandus
621 3514 683 3584 pro
717 3492 924 3562 meritorum
959 3492 1096 3562 ratione
1130 3503 1196 3564 est.

146 3604 427 3677 Archidiaconus
449 3608 558 3677 etiam
581 3615 665 3678 ante
683 3607 808 3702 viginti
830 3608 905 3677 dies
926 3616 1006 3699 post
1025 3607 1197 3678 visitatio·

148 3745 228 3792 nem
256 3723 333 3814 ejus
352 3723 561 3806 absolutam,
583 3746 706 3794 omnes
728 3723 848 3816 populi
875 3722 1047 3815 quereias,
1074 3745 1197 3795 omues

147 3839 365 3922 offensiones,
397 3862 519 3910 omnes
546 3841 752 3912 inferiomm
781 3841 1022 3911 ministrorum
1051 3863 1195 3924 errores,

147 3979 290 4028 onmem
317 3957 470 4048 denique
492 3959 673 4028 actionum
697 3979 838 4026 suarum
868 3957 1007 4039 seriem,
1032 3956 1196 4049 episcopo

147 4073 294 4154 deferet,
323 4082 364 4143 ut
394 4096 456 4166 per
485 4096 568 4143 eum
599 4085 768 4163 tanquam
799 4093 861 4162 per
888 4068 981 4140 oculi
1011 4092 1194 4162 organum,

146 4189 233 4282 quid
251 4201 357 4271 recte,
376 4189 461 4279 quid
485 4211 594 4272 secus,
614 4212 677 4281 per
693 4189 891 4257 universam
916 4186 1080 4256 dioecesin
1097 4209 1197 4281 gera·

313 4323 321 4362 ¹
337 4328 514 4386 decanatum.
735 4320 748 4359 ²
762 4327 1032 4384 archidiaconatum.
