2692 4800
150 253 198 326 26
383 277 433 328 ns
446 277 607 329 sumens
624 279 769 331 cousus
786 280 965 333 snsssm
1212 287 1233 337 c

309 522 386 608 (lep.
403 525 433 587 6.
462 524 604 590 Hercu
617 524 761 610 monada
770 523 902 613 produci
914 523 1027 591 dotem

194 643 249 725 ¹Et
265 644 431 736 quoniam
457 646 591 718 crimen
615 647 760 719 haeresis
782 669 949 743 magnam
972 649 1196 720 atrocitatem

150 769 188 830 et
217 782 392 831 summam
422 760 678 833 contumeliam
708 761 828 845 habet,
859 761 934 834 sola
967 763 1064 833 fama
1097 760 1197 854 plene

150 877 310 947 convinci
329 900 398 946 non
417 885 546 969 potest,
569 901 636 949 nec
652 876 730 949 aliis
746 879 823 971 ejus
838 879 979 972 generis
996 876 1197 972 semiplenis

149 992 205 1080 (nt
222 991 282 1063 lex
300 995 417 1086 vocat)
435 1004 472 1064 et
489 994 598 1064 curtis
615 993 967 1087 probationibussed
984 1002 1109 1067 tamen
1127 993 1197 1067 bac

148 1109 224 1202 ipsa
240 1117 378 1179 tantam
398 1111 467 1180 vim
486 1109 630 1194 habent,
648 1121 690 1182 ut
707 1134 767 1181 reo
784 1111 1034 1183 necessitatem
1050 1108 1197 1183 afferant

148 1246 186 1295 se
211 1225 406 1320 purgandi3
432 1249 510 1317 quae
532 1249 616 1298 sane
641 1227 817 1321 purgatio,
843 1227 872 1298 si
900 1226 968 1297 rito
990 1248 1063 1296 non
1090 1227 1198 1320 possit

148 1339 253 1410 abeo
279 1340 428 1435 impleri,
446 1342 673 1414 condemnari
699 1365 798 1414 reum
822 1342 859 1412 in
877 1365 921 1414 eo
946 1341 1023 1435 ipso
1047 1339 1241 1423 statim¹¹3

148 1465 300 1548 oportet.

302 1642 380 1728 Gap.
399 1659 428 1727 7.
450 1643 604 1708 lodicum
617 1643 769 1731 iniquitas
783 1643 929 1730 quomodo
935 1643 1112 1730 paoimdo.

198 1764 508 1848 Quemadmodum
528 1765 678 1838 baereses
701 1789 748 1837 ex
778 1790 889 1861 regno
912 1775 1034 1838 nostro
1057 1789 1198 1860 prorsus

147 1879 334 1972 (quantum
353 1879 427 1950 fieri
446 1884 579 1974 potest)
597 1881 831 1952 excludendae
848 1890 944 1967 sunt,
961 1878 1032 1953 ita2
1043 1903 1200 1953 summo-

147 2019 231 2088 pere
261 1997 458 2066 cavendum
482 2006 538 2067 est
567 1999 822 2090 nequisquam
845 1999 884 2068 in
905 1997 1105 2091 periculum
1123 2006 1197 2069 tam

147 2110 323 2181 horribilis
347 2120 385 2182 et
408 2113 569 2184 invidiosi
588 2114 744 2185 criminis
765 2114 841 2185 sine
855 2114 956 2205 justa
971 2135 1079 2184 causa
1095 2136 1198 2184 voce·

146 2235 216 2297 tur.
244 2226 372 2320 Itaque
389 2227 418 2298 si
429 2229 555 2320 judex,
571 2229 645 2299 sive
658 2228 753 2322 quod
768 2228 883 2299 oderit
896 2227 1112 2321 quempiam,
1125 2228 1197 2298 sivo

146 2344 333 2436 pecuniam
356 2353 397 2414 ut
418 2342 548 2428 eliciat,
565 2353 629 2416 aut
649 2353 691 2415 ut
716 2344 769 2414 illi
790 2342 991 2415 molestiam
1015 2343 1193 2426 exhibeat,

145 2459 266 2550 inique
282 2457 385 2529 litem
402 2459 492 2530 banc
510 2460 649 2532 haeresis
666 2460 869 2540 intenderit,
887 2467 926 2530 et
945 2460 983 2530 iu
1004 2482 1049 2530 eo
1064 2460 1195 2552 judicis

146 2574 252 2668 culpa
294 2574 463 2669 legitimis
506 2576 774 2669 probationibus
806 2576 1016 2659 constiterit,
1051 2577 1194 2649 arbitrio

147 2692 335 2783 superioris
345 2692 479 2782 judicis
496 2691 708 2784 supplicium
726 2692 771 2763 de
788 2715 831 2764 co
848 2701 1019 2763 sumetur.

232 2935 310 3022 Cap.
329 2936 359 3000 8.
384 2935 533 3016 Quomodo
538 2936 892 3020 sercuduacuteuttbeit,
908 2937 1096 3023 etquomodo

514 3039 726 3126 interrogandi
740 3049 832 3104 testes.

188 3162 280 3234 Cum
298 3161 438 3233 haeresis
455 3163 588 3233 crimen
600 3173 842 3255 cognoscetur,
847 3163 987 3255 judices
1000 3163 1038 3233 in
1051 3162 1195 3234 ferenda

145 3276 324 3348 sententia
349 3274 606 3369 theologorum,
636 3286 673 3347 et
700 3277 1024 3368 jureconsultorum
1059 3277 1195 3371 aliquot

145 3400 293 3462 utentur
309 3389 465 3472 consilio,
482 3392 543 3482 qui
560 3392 656 3485 prius
679 3395 799 3462 omnia
815 3416 927 3464 oausae
947 3401 1028 3465 acta
1045 3393 1193 3488 diligen·

145 3517 202 3578 ter
218 3508 427 3600 perscrutati
446 3507 589 3577 fuerint.
641 3507 691 3577 Et
712 3517 822 3580 testes
843 3511 904 3602 qui
920 3509 1192 3593 adhibebuntur,

144 3626 191 3696 ab
208 3626 291 3719 ipsis
313 3624 495 3716 judicibus
518 3626 726 3720 interrogari
743 3649 807 3719 par
826 3636 890 3706 est,
908 3626 975 3697 nisi
991 3626 1085 3697 forte
1102 3650 1193 3699 mor-

146 3741 223 3825 bus,
240 3751 303 3811 aut
319 3740 438 3832 aliqua
447 3741 547 3832 justa
563 3765 678 3825 cause,
689 3743 829 3834 judices
846 3743 1082 3835 impediverit.
1121 3743 1191 3828 Qui

145 3859 173 3929 si
204 3857 270 3949 ipsi
301 3857 393 3928 forte
421 3858 673 3950 impediuntur,
700 3857 788 3929 duos
818 3859 1035 3929 substituant
1065 3883 1128 3951 pro
1155 3881 1190 3930 se

146 3974 238 4044 viros
268 3974 444 4056 honestos,
470 3975 599 4065 quibus
629 3975 696 4044 hoc
731 3976 1015 4045 testimoniorum
1045 3975 1190 4046 interro-

144 4092 340 4183 gandorum
359 4114 487 4161 munus
505 4100 584 4161 tuto
602 4091 778 4161 committi
797 4091 915 4184 possit.

309 4260 318 4306 ¹
336 4263 432 4321 statui.
895 4261 963 4321 ²ita
977 4282 1029 4321 om.
