2692 4800
545 316 593 368 nn
610 315 768 367 osorius.
1116 299 1185 365 131

140 468 286 551 mimus,
302 475 356 551 ut,
377 470 633 540 cousuetudine
657 469 817 561 qnalibet
842 491 913 540 non
940 470 1115 552 obstante,
1137 469 1191 539 in-

139 593 246 678 tegre
280 586 452 678 cujusque
486 585 535 656 rei
570 587 716 656 deoimae
748 585 940 665 solvantur,
976 606 1190 678 omnemque

140 701 348 772 contrariam
367 701 657 773 consuetudinem
676 701 811 771 irritam
829 723 905 770 esse
923 701 1157 770 decernimus.

452 913 530 998 Osp.
549 934 596 999 ¹9·
618 910 878 998 Depmnionibut.

189 1051 367 1136 Quoniam
396 1053 592 1145 pensiones,
609 1075 691 1145 qnae
716 1053 760 1122 ad
787 1049 865 1120 illos
891 1052 1110 1134 deferuntur,
1128 1053 1189 1144 qui

141 1167 217 1238 aliis
238 1170 311 1240 suis
333 1167 464 1239 cedunt
482 1168 694 1248 sacerdotiis,
712 1167 828 1238 solent
852 1167 1027 1261 ignaviam
1047 1166 1189 1238 illorum

141 1293 178 1354 et
199 1285 384 1356 avaritiam
409 1285 554 1366 nutrire,
573 1285 632 1376 qui
657 1284 786 1354 laboris
809 1293 974 1376 expertes
999 1284 1086 1354 luori
1113 1307 1191 1376 par·

142 1401 266 1494 tioipes
290 1425 367 1472 esse
384 1399 517 1484 volunt,
536 1401 736 1494 hujusmodi
755 1401 855 1471 fucos
877 1401 1026 1472 aliorum
1045 1401 1191 1472 sudores

142 1516 330 1610 deposuere
364 1541 434 1589 non
468 1518 630 1588 feremus.
694 1516 821 1609 Itaque
855 1516 992 1587 nullum
1023 1517 1190 1610 uniquam

142 1656 287 1705 censum
312 1634 514 1727 hujusmodi
540 1656 695 1704 annuum
727 1631 969 1724 relinquimus,
994 1633 1061 1703 uisi
1091 1633 1191 1724 cujus

143 1750 198 1821 vel
228 1759 374 1843 propter
407 1749 580 1832 morbum,
609 1750 665 1820 vel
701 1759 844 1842 propter
878 1757 1099 1820 senectutem
1130 1747 1192 1818 ha·

142 1866 258 1939 bondo
277 1869 323 1938 sit
347 1869 448 1938 ratio.
500 1866 589 1951 Quos
613 1890 695 1937 oum
717 1876 905 1936 ooourrunt
926 1867 1190 1958 impedimento,

143 1985 303 2076 proprius
340 1983 482 2053 iliorum
518 1983 673 2054 looorum
715 1984 899 2075 episcopus
931 1982 1088 2053 adeatur.
1154 1981 1191 2053 Is

143 2097 298 2170 tantam¹
320 2101 515 2169 constituet
536 2099 753 2191 pensionem,
772 2107 940 2189 quantam
960 2121 1095 2190 uquam
1114 2119 1191 2168 esse

144 2216 303 2308 putabit;
330 2239 437 2308 quam
455 2238 593 2286 summa
609 2215 678 2285 iide
695 2237 874 2285 successor
890 2213 1076 2307 persolvet.
1118 2214 1189 2284 Sed

144 2342 227 2402 etas
256 2342 294 2402 et
325 2332 490 2402 valetudo
520 2333 690 2424 quamdiu
722 2333 845 2414 ferent,
877 2332 1022 2401 omniuo
1052 2331 1190 2401 nullum

143 2471 165 2519 a
192 2447 388 2519 sacerdotio
417 2449 618 2517 ministrum
649 2448 830 2517 discedere
863 2448 1029 2539 patimur,
1060 2446 1190 2541 alioqui

143 2563 280 2634 nullum
311 2587 357 2634 ex
387 2563 510 2634 relicto
539 2564 734 2634 sacerdotio
764 2563 918 2634 fructum
950 2565 1191 2657 cujuscunque

142 2679 291 2773 generis
297 2684 380 2771 jure
403 2679 614 2749 vendicabit.
646 2677 793 2762 Viosrii,
810 2680 976 2770 qnoniam
1002 2679 1039 2749 in
1064 2677 1191 2750 labori·

142 2796 209 2867 bus
235 2796 394 2888 paroeoiae
417 2797 554 2866 assidue
577 2804 771 2875 versantur,
790 2804 828 2865 et
851 2806 976 2866 tenues
999 2803 1192 2889 proventus

141 2912 186 2982 sd
213 2935 252 2983 se
280 2912 425 2983 alendos
455 2920 493 2982 et
522 2911 691 2982 familiam
718 2911 927 3005 pierumque
958 2912 1101 2994 habent,
1128 2935 1192 3005 par

141 3038 195 3099 est
230 3038 272 3099 ut
305 3028 401 3098 omui
434 3050 565 3121 genere
598 3027 806 3120 pensionum
840 3028 1085 3099 solvendarum
1116 3029 1192 3098 oxi-

141 3155 295 3216 msntur.
348 3145 546 3215 Statuimus
572 3144 693 3237 itaque
719 3153 760 3214 ut
783 3144 901 3215 nullus
926 3153 1055 3237 postor,
1073 3153 1192 3237 patro-

140 3284 220 3345 nus,
247 3272 308 3332 aut
334 3261 448 3354 quivis
473 3259 573 3343 alius,
591 3261 636 3331 ab
663 3262 714 3331 eis
739 3261 885 3353 posthso
908 3261 1051 3332 nomine
1077 3260 1192 3354 pensi·

140 3379 218 3449 onis
234 3401 363 3448 annuae
380 3379 568 3471 quicquam
587 3378 731 3448 omnino
748 3377 879 3471 exigat.

591 3622 598 3661 ¹
621 3632 742 3683 tantum.
