2692 4800
144 273 217 347 316
460 296 510 346 ua
533 295 876 349 neneuunnnonmue.
1193 296 1275 372 c.51·

159 560 236 646 Oop.
248 575 302 645 51.
325 559 430 624 Jndeo
444 559 489 623 od
501 580 587 645 quom
601 562 785 647 appellatur,
795 583 857 646 pro
870 560 1002 627 orbt'trio
1015 583 1077 627 non
1084 571 1180 646 potat

344 661 577 749 appellationem
592 666 744 750 roquirere
757 664 806 730 ool
817 664 987 730 admittere.

196 798 282 871 Non
299 809 354 871 est
372 802 408 871 iu
430 801 599 872 facultate
615 802 758 894 judicis,
776 804 821 874 ad
843 826 951 897 quem
974 804 1192 897 appellatum

145 917 262 998 fuerit,
280 917 336 986 vel
363 919 518 1009 recipere
543 918 600 988 vel
626 942 774 990 renuere
799 919 1089 1013 appellationem,
1111 923 1193 1013 quin

145 1033 173 1102 si
185 1034 284 1124 jueta
301 1030 374 1113 sit¹,
392 1056 471 1103 eam
488 1034 643 1126 recipere
661 1037 811 1129 cogitur.
854 1034 1047 1105 Judioandi
1066 1037 1193 1130 quippe

144 1171 274 1218 munus
301 1149 481 1240 publicum
513 1159 720 1242 eet,·neque
751 1149 822 1221 illi²
850 1151 896 1221 ab
926 1173 970 1220 eo
1000 1153 1193 1223 renuntiari

146 1275 273 1359 potest,
291 1266 350 1356 qui
364 1266 545 1358 judicandi
564 1289 693 1337 munus
711 1276 870 1358 occupat.
940 1255 941 1259 ¹

159 1471 236 1557 Gap.
250 1491 304 1556 52.
326 1473 439 1536 Portet
452 1473 628 1558 quondopte
636 1482 762 1558 poseant
777 1473 954 1536 renuntiare
967 1473 1176 1559 appellnt-loni.

196 1618 321 1690 Partes
339 1621 382 1691 de
408 1629 535 1690 mutuo
560 1644 731 1692 consensu
752 1622 873 1692 valent
899 1625 1119 1714 interposita
1139 1647 1194 1716 ap-

146 1737 326 1830 pellationi
354 1739 568 1823 renuntiare,
586 1746 625 1808 et
650 1739 695 1807 ad
715 1720 885 1829 judicem,
903 1760 924 1807 a
943 1762 1014 1829 quo
1041 1739 1192 1833 appella·

146 1865 226 1926 tum
256 1864 320 1935 est,
346 1855 495 1926 reverti:
531 1856 717 1948 nequead
745 1855 812 1925 hoe
838 1856 1040 1927 faciendum
1067 1856 1193 1928 sufficit

147 1973 251 2042 unius
277 1973 385 2064 partis
408 1971 580 2054 voluntas,
603 1981 641 2042 et
667 1973 773 2043 etiam
802 1972 877 2041 fieri
909 1994 980 2041 non
1011 1980 1144 2063 potest,
1167 1973 1193 2042 ei

141 2090 254 2181 judex
277 2089 507 2184 appellationi
526 2089 665 2160 detulit.
719 2088 811 2173 Quia
834 2099 919 2159 tuno
943 2111 1022 2158 eam
1047 2090 1194 2159 eandem

148 2229 288 2277 causam
313 2229 384 2276 non
402 2205 554 2299 amplius
569 2205 732 2300 judicare
750 2205 892 2288 valebit,
911 2206 978 2274 nisi
996 2204 1054 2275 vel
1071 2207 1195 2298 judex,

147 2323 192 2393 ad
226 2345 332 2415 quem
367 2322 583 2415 appellatum
619 2330 684 2402 eet,
719 2320 816 2392 illam
851 2323 895 2393 od
935 2344 973 2393 se
1012 2325 1194 2407 nemieerit,

148 2437 203 2509 vel
248 2440 420 2509 terminus
463 2437 626 2531 praefixus
668 2438 743 2529 ejus
794 2438 1047 2530 prosequendae
1090 2441 1195 2512 fuerit

149 2553 297 2648 elapsus.

160 2761 237 2847 Oap.
250 2779 301 2848 53.
326 2765 486 2850 Suspectus
500 2761 659 2848 appolline
673 2760 903 2847 ootstdejnleat
917 2769 973 2825 out
987 2762 1185 2828 otatodiutur.

200 2910 236 2979 Si
269 2910 449 3003 appellans
484 2910 590 2978 fuerit
625 2917 808 2999 suspectus
838 2910 883 2977 de
918 2909 1011 3001 fuga,
1045 2909 1102 2979 vel
1138 2912 1196 2980 det

148 3028 369 3117 fidejussores
395 3029 439 3096 de
465 3025 708 3118 prosequenda
733 3024 979 3118 appellatione,
1000 3025 1056 3094 vel
1082 3037 1255 3105 custo-149

149 3144 276 3214 diatur.

149 3367 225 3452 Cep.
239 3384 290 3451 54.
321 3368 463 3452 Inferi-or
470 3367 569 3450 judea
584 3373 765 3450 exequatur³
784 3387 804 3427 a
818 3366 1035 3430 sentententiam
1052 3366 1156 3439 lotam,
1171 3367 1196 3429 ei

473 3471 663 3552 construatur
677 3490 697 3530 a
712 3467 872 3552 superine.

192 3609 230 3677 si
250 3607 321 3677 lata
337 3607 513 3677 sententia
530 3607 759 3676 confirmetur
777 3628 838 3696 per
849 3605 1019 3697 judicem,
1031 3607 1075 3675 ad
1092 3629 1194 3698 quem

150 3724 365 3816 appellatum
394 3725 471 3800 fuit,
498 3724 700 3793 executioni
727 3722 951 3792 mundabitur
976 3746 998 3791 a
1017 3724 1195 3813 judioe‚a

150 3863 220 3931 quo
238 3847 292 3908 est
309 3837 536 3929 appellatum.

275 3977 281 4014 ¹
298 3977 388 4034 fuerit.
568 3977 580 4013 ²
594 3978 632 4034 illi
649 3999 699 4034 one.
884 3976 897 4010 ‘⁶
910 3988 1075 4053 exequetur.
