2692 4800
150 261 223 335 164
362 284 411 338 nn
436 284 636 336 mucruuu
662 282 899 336 nnnucuoun
924 260 991 334 &c
1214 282 1238 334 c.
1249 285 1266 337 1·

148 458 230 506 cum
248 436 411 508 omnibus
433 436 600 532 legitimis
623 437 790 530 impensis
811 436 954 508 abunde
975 436 1195 508 satisfactum

148 561 212 636 est,
230 554 367 625 finctus
389 555 435 625 ad
458 555 610 647 priorem
633 554 817 625 dominum
840 554 1079 626 revolvantur.
1130 552 1197 626 Oo-

147 666 250 739 lonus
272 676 404 751 autem,
422 668 478 738 vel
503 670 708 752 conductor,
727 670 772 740 de
790 669 956 765 vectigali
977 694 1100 742 annuo
1121 679 1197 742 tan·

148 792 226 854 tum
259 784 304 854 ad
338 807 376 856 se
409 784 591 867 derivabit,
621 794 794 876 quantum
827 795 947 880 potest
981 810 1066 858 cum
1100 788 1197 859 omni

148 900 380 970 deductorum
404 901 584 971 fructuum
607 901 735 972 damno
760 903 989 996 compensari,
1007 912 1199 997 quantum-

147 1038 287 1108 cunque
327 1017 466 1109 scriptis
504 1015 639 1087 locator
676 1016 721 1088 de
760 1018 926 1091 mercede
964 1019 1108 1114 integra
1131 1006 1197 1092 sibi

147 1133 360 1225 praecaverit.
1020 1187 1023 1191 -

211 1345 289 1431 Gap.
305 1363 332 1410 2.
356 1345 560 1430 &quadratio
575 1345 670 1411 locum
683 1343 771 1410 tata
784 1344 818 1409 ia
833 1343 965 1431 litigioro
980 1343 1129 1430 tapam.

197 1482 237 1553 Si
257 1484 317 1575 jus
340 1485 515 1554 incertum
536 1486 582 1555 sit
605 1482 832 1555 ecclesiastici
853 1483 1027 1565 beneficii,
1044 1505 1114 1554 noc
1136 1483 1198 1555 ad·

146 1599 227 1684 huc,
245 1623 327 1670 cum
353 1623 503 1671 vacuum
529 1601 586 1685 sit,
606 1610 767 1673 constare
792 1602 902 1694 possit
928 1601 972 1672 ad
1001 1623 1110 1694 quem
1136 1600 1198 1672 be-

146 1716 312 1787 neficium
342 1699 524 1810 pervenire
558 1718 699 1800 debeat,
729 1717 898 1810 quamdiu
928 1725 1197 1791 controversum

146 1836 211 1912 ost,
229 1828 366 1900 fructus
388 1829 433 1899 de
456 1828 629 1901 beneficio
656 1832 786 1902 deduci
815 1853 880 1924 per
897 1831 1059 1924 judicem
1083 1832 1197 1905 eccle-

146 1945 327 2043 siasticum
360 1944 504 2030 debent,
538 1955 576 2017 et
609 1947 870 2040 quamprimum
911 1968 1017 2018 causa
1055 1946 1197 2042 lembus

146 2059 381 2131 determinata
410 2061 529 2145 fuerit,
555 2064 676 2132 statim
704 2063 749 2133 ad
779 2061 979 2158 legitimum
1009 2062 1196 2136 dominum

145 2175 277 2269 pariter
299 2199 381 2246 cum
406 2179 568 2249 omnibus
590 2177 841 2251 emolumentis
863 2179 1078 2251 beneficium
1100 2202 1197 2252 com·

145 2299 254 2376 meet,
284 2293 442 2386 exceptis
472 2294 638 2386 impensis
664 2296 791 2388 quibus
821 2294 980 2366 ecclesiae
1005 2296 1198 2368 necessita·

146 2405 242 2477 tibus
270 2407 413 2479 interim
439 2409 675 2481 subservitum
701 2418 765 2482 est.
822 2410 862 2481 si
891 2412 970 2503 quis
994 2418 1121 2484 autem
1151 2434 1198 2484 ex

146 2521 384 2615 litigatoribus
418 2523 628 2597 beneficium
669 2526 963 2620 praeoccupaverit
1001 2535 1040 2598 et
1079 2551 1198 2622 posse-

147 2637 249 2719 derit,
268 2648 305 2708 et
326 2647 407 2730 post
433 2639 610 2709 sententia
631 2639 762 2730 judicis
788 2649 911 2709 contra
936 2637 1039 2708 illum
1063 2661 1198 2732 posses-

146 2775 260 2823 sorem
285 2754 492 2847 proferatur,
509 2753 570 2825 ille
596 2777 679 2824 vero
703 2756 886 2825 sententia
913 2753 1053 2849 plagam
1078 2755 1200 2850 appel·

146 2867 288 2942 lationis
325 2871 483 2941 remedio
521 2871 763 2955 declinaverit,
795 2872 998 2964 hujusmodi
1032 2870 1198 2943 beneficii

146 2985 283 3058 fructus
300 2996 614 3080 quantumcunque
632 2989 779 3080 possessi
790 2990 872 3081 jure
885 2988 1052 3058 videntur
1068 2987 1198 3059 deduci

146 3124 258 3194 posse,
276 3103 385 3173 etiam
403 3102 641 3195 appellatione
658 3104 775 3175 adhuc
792 3104 980 3197 pendente,
993 3110 1031 3173 et
1049 3105 1199 3174 minime

147 3220 346 3289 terminata.
399 3219 610 3311 Quanquam
634 3220 729 3288 enim
753 3219 874 3313 legum
894 3218 1091 3290 authoritas
1114 3221 1200 3291 civi·

147 3333 235 3405 lium
259 3335 373 3407 multa
398 3337 651 3428 possessoribus
674 3336 847 3429 indulget,
864 3343 984 3405 tamen
1010 3357 1053 3406 ea
1076 3345 1201 3408 contra

139 3451 272 3545 judicis
310 3453 523 3522 sententiam
567 3453 603 3521 in
645 3473 750 3521 causa
787 3451 932 3544 ancipiti
971 3449 1089 3523 valere
1127 3475 1199 3525 non

148 3565 277 3658 placet.

191 3777 269 3864 (lap.
281 3798 312 3864 3.
334 3779 382 3842 Dc
395 3778 622 3864 sequestratione
635 3779 796 3844 muliorum
809 3779 844 3844 io
858 3800 950 3844 cama
964 3779 1155 3864 auptrbmm.

200 3917 292 3988 Cum
314 3918 359 3988 de
377 3918 602 3988 matrimonio
623 3917 665 3989 lis
689 3918 827 4002 incidit,
844 3927 882 3988 et
902 3917 1031 3989 mulier
1051 3919 1121 3992 loci
1142 3920 1197 3993 vel

149 4034 343 4106 incolarum
376 4033 644 4106 difficultatibus
674 4057 848 4128 oppressa,
880 4044 979 4106 metu
1012 4035 1070 4107 rel
1108 4060 1199 4108 mer·

148 4153 236 4224 cede
262 4151 318 4221 vel
344 4149 463 4244 aliqua
487 4174 593 4243 prava
615 4174 721 4223 causa
744 4151 884 4221 videtur
905 4153 1065 4225 nonnihil
1088 4155 1197 4226 subti-

149 4277 313 4340 careant
337 4267 508 4349 occulere,
527 4276 646 4360 potest
668 4268 896 4339 ecclesiastici
916 4269 1049 4361 judicis
1073 4271 1195 4343 autho.
