2692 4800
501 317 706 376 noannoun
731 318 857 369 nrcns.
1127 303 1199 368 253

149 466 301 563 arrepti¹
328 468 477 552 itineris,
498 469 612 539 donee
637 470 767 539 iterum
793 470 838 539 ad
858 469 1094 540 habitationes
1119 490 1199 540 suas

149 585 280 656 reversi
299 584 444 666 fuerint,
462 583 661 654 sustinebit.

168 796 248 883 cap.
264 815 318 883 33.
340 792 556 883 &probator-ii
570 800 653 859 testea
666 815 726 859 uon
740 801 810 859 aunt
822 816 881 879 per
894 794 971 859 albo
985 793 1177 881 reprobandi.

199 933 449 1026 Reprobatorii
471 932 788 1025 reprobatoriorum
816 933 962 1003 testium
987 934 1199 1005 admittendi

146 1072 221 1121 non
238 1058 397 1132 suntne
421 1048 450 1119 si
466 1047 685 1141 producendi
704 1055 847 1140 quartos
869 1057 993 1119 eontra
1013 1050 1137 1120 tertios
1161 1058 1200 1121 et

147 1166 199 1237 sio
224 1164 392 1257 deinceps
420 1162 565 1234 licentia
595 1162 822 1246 tribueretur,
848 1166 1034 1259 negotium
1060 1165 1199 1260 longius
1212 1191 1274 1238 120

147 1303 257 1375 quam
275 1302 338 1374 par
354 1287 411 1352 est
427 1278 594 1372 protelari
611 1280 844 1374 contingeret.

222 1506 303 1594 Gap.
313 1527 368 1594 34.
389 1506 486 1572 Diota
501 1505 620 1572 mium
633 1507 865 1592 munda
878 1518 951 1573 aaut
964 1509 1128 1574 muudum

472 1608 611 1695 nutu
625 1607 877 1674 munem.

198 1747 360 1820 Testium
378 1747 474 1818 diota
496 1769 568 1817 non
593 1745 800 1829 oavillanda,
818 1747 878 1818 sed
903 1747 1021 1840 potius
1046 1748 1200 1843 benigne

148 1863 414 1956 interpretanda
439 1871 532 1944 aunt,
549 1863 705 1932 maxime
723 1883 806 1939 vero
828 1862 1022 1933 secundum
1042 1886 1200 1934 commu-

147 2001 233 2051 nem
250 2001 355 2050 mum
372 1999 414 2049 ao
431 1977 541 2070 ipsius
557 1978 658 2048 testis
674 1976 841 2070 loquendi
860 1979 1164 2049 consuetudinem.

174 2205 254 2292 cap.
266 2222 320 2291 35.
344 2204 473 2286 Quaado
487 2203 603 2270 Mam
617 2204 710 2268 unius
723 2203 806 2269 ustio
819 2203 975 2290 suppletur
981 2226 1042 2290 por
1056 2205 1170 2271 didam

606 2306 743 2372 abarim.

199 2446 347 2518 Dictum
366 2469 507 2539 quoqne
528 2447 632 2517 unius
654 2447 754 2516 testis
778 2443 963 2537 suppletur
983 2467 1047 2537 per
1063 2445 1200 2515 dictum

147 2560 295 2634 alterius
315 2564 418 2635 testis
439 2561 579 2655 plenius
597 2561 829 2655 deponentis;
856 2562 1200 2653 interpretationem-

149 2700 220 2771 que
244 2701 267 2748 a
292 2677 441 2772 pleniori
473 2676 535 2748 illo
564 2678 662 2747 dicto
692 2677 819 2747 merito
849 2677 1006 2770 recipiet,
1033 2676 1062 2748 si
1093 2677 1200 2747 modo

148 2803 299 2877 constet,
319 2794 413 2886 quod
439 2793 484 2863 de
510 2814 581 2862 uno
601 2800 639 2861 et
664 2791 790 2860 eodem
817 2790 912 2861 facto
937 2790 1115 2884 deponere
1140 2814 1199 2861 eo-

148 2918 290 2982 nentur.

429 3002 507 3088 Oap.
519 3005 571 3087 36.
597 3001 691 3066 Tertia
704 3001 917 3065 taumatia.

198 3142 335 3223 Testes,
357 3143 417 3234 qni
444 3141 612 3212 adversus
636 3141 745 3211 fldem
772 3139 971 3210 testationis
999 3160 1070 3210 snae
1094 3139 1200 3211 vacil-

147 3258 235 3340 lant,
252 3256 421 3328 audiendi
439 3277 510 3325 uon
527 3264 620 3326 sunt.

200 3483 282 3569 cap.
295 3498 346 3569 37.
369 3484 457 3548 Para
470 3481 664 3547 intentionem
677 3502 764 3547 mam
778 3479 936 3546 weuram
949 3482 1149 3567 intepretari

621 3591 726 3669 potest.

199 3723 239 3794 Si
275 3731 386 3794 testes
416 3721 510 3793 olare
544 3722 588 3792 do
622 3747 661 3794 re
693 3723 813 3816 aliqua
845 3723 1091 3804 testificantur,
1122 3748 1199 3816 quoe

146 3839 299 3910 obscure
323 3838 479 3908 fortassis
495 3860 516 3907 a
533 3845 634 3930 parte
656 3839 926 3933 proponebatur,
945 3847 1062 3933 potest
1080 3849 1200 3909 tamen

145 3976 230 4048 pars
251 3974 352 4024 suam
375 3954 611 4024 intentionem
629 3954 862 4045 interpretari,
880 3963 922 4025 ut
939 3955 1035 4026 dicta
1053 3956 1200 4026 testium

146 4066 202 4140 illi
220 4068 370 4161 prosint.

596 4173 603 4206 ¹
620 4165 737 4239 accepti.
