2692 4800
448 313 497 362 oa
514 310 905 363 excouuumm'rrons.
1114 295 1185 368 179

146 489 274 539 remus.
327 465 506 536 imovero
530 465 677 536 fratrum
698 467 735 536 in
753 473 948 535 nostrorum
974 487 1109 546 occasu,
1128 488 1190 534 no-

146 593 253 653 stram
271 582 350 676 ‘ipsi
380 581 664 654 debilitationem
694 591 731 652 et
761 573 1072 674 praecipitationem
1108 604 1191 651 con·

147 697 373 791 templemur,
391 706 428 768 et
446 699 492 768 de
508 696 569 768 illa
589 697 755 769 flebiliter
771 698 949 767 communi
970 719 1055 766 voce
1073 719 1190 767 coram

148 814 226 885 Deo
243 812 352 884 Patre
371 823 491 884 nostro
514 836 781 905 conqueramur.
834 810 930 881 Nam
952 811 1041 882 illud
1063 814 1090 882 si
1109 836 1191 884 rere

147 929 330 1001 nobiscum
355 926 439 1022 ipsil
466 930 673 1023 cogitamus,
700 930 794 1021 quod
821 930 980 997 omnium
1007 927 1191 999 hominnm

149 1055 274 1117 natura
290 1047 427 1138 peccati
450 1046 604 1116 dedecus
621 1046 786 1136 concipit,
804 1046 839 1114 in
858 1069 900 1114 eo
925 1043 1048 1116 nimis²
1065 1045 1191 1115 acerbe

149 1182 328 1253 nunquam
345 1159 433 1231 alios
450 1160 702 1230 insectabimur
717 1161 753 1229 in
772 1183 842 1252 quo
861 1183 924 1230 nos
942 1163 1052 1231 teneri
1072 1159 1192 1252 posse³

150 1274 332 1356 ridemns3
369 1274 441 1344 imo
466 1275 585 1366 potius
610 1285 794 1344 mansuete
820 1285 856 1344 et
882 1275 1068 1344 summisse
1095 1272 1192 1345 Deo⁴

150 1390 278 1483 gratias
298 1410 455 1483 agemus,
472 1390 568 1481 quod
591 1391 628 1459 in
645 1398 719 1460 tam
737 1390 870 1483 grande
888 1392 1020 1459 crimen
1039 1391 1102 1482 ipsi
1121 1413 1192 1459 non

150 1526 270 1576 sumus
300 1503 460 1598 prolapsi,
491 1513 688 1596 nostraeque
717 1507 951 1575 constantiam
982 1493 1192 1575 innocentie

149 1619 465 1692 vehementissimis
477 1645 499 1691 a
512 1620 611 1691 Deo⁵
629 1630 666 1691 et
683 1621 936 1691 ardentissimis
950 1623 1039 1692 votis
1057 1621 1193 1715 flagite-

148 1759 235 1808 mus
290 1737 338 1808 Et
361 1738 687 1829 quoniamquidem
710 1760 833 1808 omnes
854 1746 1077 1829 peccatorum
1095 1762 1193 1809 man·

149 1854 240 1948 cipia
256 1862 340 1925 sunt
357 1853 425 1923 illis
450 1855 487 1923 in
505 1852 740 1924 miserabilem
758 1854 964 1923 servitutem
984 1854 1114 1941 dedita,
1133 1856 1194 1926 illa

149 1991 212 2040 nos
237 1970 391 2039 invicem
415 1969 699 2062 resipiscentibus
721 1979 759 2041 et
779 1968 995 2062 supplicibus
1019 1973 1194 2042 condone-

149 2107 240 2157 mus.
295 2084 390 2155 Nam
410 2088 439 2155 si
457 2108 557 2156 secus
575 2086 777 2168 faceremus,
792 2087 856 2178 ipsi
874 2096 997 2156 contra
1015 2110 1079 2157 nos
1096 2091 1195 2159 testi-

150 2203 309 2272 monium
340 2202 545 2284 diceremus,
572 2204 608 2270 in
639 2224 681 2272 eo
711 2203 900 2272 fraternam
929 2201 1194 2294 improbitatem

150 2326 367 2402 accusantes,
382 2319 417 2387 in
435 2340 506 2409 quo
524 2326 642 2386 nostra
660 2317 812 2409 pravitas
829 2317 992 2388 similiter
1009 2316 1193 2410 delinquit.

150 2432 242 2504 (lum
266 2442 386 2504 autem
409 2433 445 2502 in
467 2455 567 2502 coeno
592 2444 816 2525 peccatorum
842 2455 963 2503 omnes
987 2433 1038 2503 ita
1056 2433 1194 2504 volute-

151 2570 239 2632 mur,
257 2561 299 2619 ut
323 2547 420 2619 nulla
436 2557 635 2620 nostrorum
654 2573 799 2642 operum
825 2549 1041 2641 perfectione
1060 2549 1114 2621 vel
1134 2573 1195 2620 ex-

151 2663 318 2735 cellentia
341 2665 514 2756 possimus
539 2687 585 2733 ex
611 2663 673 2734 illo
699 2664 849 2748 extrahi,
870 2666 931 2735 sed
957 2688 1002 2735 ex
1028 2667 1102 2738 sola
1126 2666 1193 2737 Dei

152 2779 266 2851 Patris
278 2788 423 2873 propter
432 2778 613 2850 Christum
626 2788 664 2851 et
676 2781 832 2873 gratuita
844 2783 1083 2852 misericordia
1095 2782 1195 2852 nobis

151 2895 281 2968 levatio
298 2897 353 2978 sit,
367 2904 409 2965 ut
423 2897 498 2986 ejus
516 2917 561 2965 ex
579 2919 623 2966 eo
637 2918 766 2965 nomen
781 2899 815 2965 in
833 2919 971 2967 summa
988 2897 1194 2969 celebritate

151 3022 310 3082 versetur
331 3023 369 3082 et
385 3013 599 3104 sempiterna
622 3011 743 3105 gloria,
761 3022 919 3083 maturus
943 3013 1044 3083 nobis
1060 3014 1104 3084 ad
1123 3016 1194 3106 pie-

151 3136 262 3200 tatem
280 3137 318 3198 et
338 3127 491 3197 officium
514 3128 648 3197 reditus
670 3151 746 3198 esse
768 3129 884 3209 debet,
903 3138 940 3199 et
964 3131 1195 3222 tempestivus

150 3245 194 3314 ad
218 3243 431 3338 singularem
450 3243 519 3313 Dei
542 3244 817 3314 misericordiam
841 3255 1029 3335 respectus,
1047 3246 1245 3336 qui·n0s86

150 3360 187 3430 in
204 3358 408 3429 charissimo
431 3359 504 3428 filio
522 3368 559 3428 et
577 3358 714 3431 haerede
731 3359 872 3431 Christo
891 3370 965 3430 tam
983 3369 1078 3430 arcte
1100 3381 1195 3430 com-

152 3472 276 3565 plexus
293 3482 358 3553 est,
376 3483 418 3542 ut
434 3496 575 3544 omnem
594 3482 820 3566 peccatorum
837 3484 1036 3546 nostrorum
1054 3496 1194 3567 poenam

151 3589 187 3658 in
209 3587 312 3659 illum
337 3588 561 3669 derivaverit,
588 3599 625 3658 et
650 3591 882 3661 acerbissimis
909 3592 983 3682 ejus
1009 3592 1194 3660 tormentis

150 3705 411 3788 condonaverit,
430 3706 458 3775 si
476 3727 541 3775 nos
558 3707 595 3775 in
612 3706 801 3777 sceleribus
821 3709 950 3777 nostris
967 3708 1030 3800 ipsi
1050 3728 1198 3799 coargu-

150 3844 261 3906 amus,
279 3844 345 3893 neo
368 3821 579 3915 flagitiorum
602 3832 799 3891 nostrorum
818 3823 1083 3894 excusationem
1102 3845 1196 3914 quae·

150 3947 279 4020 rentes,
302 3936 442 4029 culpam
469 3936 504 4004 in
529 3935 646 4005 Deum
671 3946 708 4004 et
730 3937 926 4006 divinarum
954 3936 1071 4030 legum
1100 3960 1195 4007 acer-

152 4052 299 4123 bitatem
327 4051 568 4134 deflectamus,
594 4051 654 4121 sed
680 4053 797 4144 potius
822 4054 866 4121 ad
892 4052 971 4122 illos
998 4052 1194 4122 clementino

153 4168 334 4240 thesauros
351 4169 606 4263 confugiamus,
624 4191 711 4259 qnos
730 4169 829 4240 Deus
844 4169 950 4240 Pater
967 4170 1003 4238 in
1022 4169 1094 4239 lilio
1108 4169 1195 4240 Jesn

195 4304 338 4384 ¹ipsiom.
401 4310 529 4366 ²minus.
591 4318 701 4384 ³posse
716 4330 769 4367 om.
832 4309 920 4367 ⁴Deo
936 4329 985 4367 orn.
1049 4307 1154 4368 ⁶adeo.

642 4415 708 4478 su
