2692 4800
525 270 574 320 DE
599 269 799 319 SENTENTIA

235 892 303 963 DE
330 890 624 963 SENTENTIA
652 889 713 960 ET
738 890 806 961 RE
830 887 1104 963 JUDICATA.

145 1125 223 1211 Gap.
245 1146 268 1188 ι.
291 1123 392 1189 Iader
406 1122 527 1208 quando
541 1121 673 1207 alkqata
688 1130 716 1186 ct
725 1119 857 1206 prototo
872 1123 959 1208 sequi
975 1130 1071 1208 potest
1090 1134 1198 1188 eontra

196 1365 297 1437 Utile
323 1365 488 1457 estquod
506 1365 657 1435 edoctis
680 1373 718 1434 et
738 1363 956 1457 sapientibus
981 1365 1197 1458 praecipitur,

144 1484 286 1575 nequis
309 1484 344 1552 in
362 1480 558 1573 judicando
580 1489 748 1572 sequetur
763 1479 917 1572 aliquam
941 1503 1043 1551 suam
1061 1482 1199 1575 cogita·

145 1600 289 1681 tionem,
306 1620 414 1689 quam
432 1620 552 1668 secum
570 1597 676 1667 domo
693 1596 856 1667 attulerit
872 1596 908 1665 iu
922 1597 1115 1688 judicium,
1133 1599 1199 1668 sed

145 1717 339 1787 seeundum
356 1714 510 1808 allegata
527 1723 564 1784 et
581 1714 729 1806 probata
752 1715 970 1806 pronunciet.
1024 1713 1098 1785 Sed
1120 1713 1197 1785 haeo

145 1832 268 1927 regula
297 1832 414 1902 locum
444 1831 575 1902 habere
602 1832 719 1913 debet,
745 1831 886 1923 quando
909 1831 1024 1923 judex
1055 1829 1199 1901 levibus

145 1949 355 2042 quibusdam
372 1948 590 2042 argumentis
605 1948 733 2018 ductus
750 1948 932 2018 existimat
944 1945 1050 2019 aliter
1062 1968 1101 2017 se
1119 1969 1199 2018 rem

146 2064 275 2134 habere
297 2086 403 2155 quam
429 2064 616 2156 probatum
639 2064 697 2133 sit.
751 2061 847 2132 Nam
872 2064 940 2132 isto
966 2085 1050 2133 casu
1075 2062 1199 2154 potius

146 2182 244 2272 sequi
263 2180 371 2251 debet
396 2178 549 2274 allegata
571 2190 609 2250 et
632 2177 788 2272 probatu,
807 2200 913 2270 quam
936 2199 1036 2248 suam
1060 2179 1199 2270 opinio·

146 2320 229 2368 nem
250 2306 288 2367 et
311 2297 561 2367 conscientiam
588 2319 634 2366 ex
655 2296 806 2388 quedam
833 2296 1086 2390 imaginatione
1112 2318 1200 2365 eon-

147 2423 299 2506 ceptem.
352 2413 390 2484 Si
408 2435 491 2483 vero
510 2412 626 2503 judex
652 2412 760 2483 habet
786 2412 1037 2484 conscientiam
1065 2411 1117 2482 rei
1144 2412 1200 2481 in-

147 2531 358 2613 dubitatam,
377 2539 462 2600 tunc
489 2529 718 2599 nullomodo
746 2529 852 2600 debet
878 2527 1009 2621 aliquid
1036 2535 1199 2599 statuere

147 2656 270 2716 contra
295 2668 372 2714 eam
400 2654 545 2737 propter
567 2644 719 2738 allegata
742 2653 780 2714 et
801 2644 957 2737 probate.
1010 2643 1083 2715 Sed
1102 2655 1142 2713 et
1162 2646 1200 2713 in

147 2762 213 2833 hoc
244 2787 325 2833 casu
358 2786 493 2832 rursum
528 2762 699 2854 distingui
730 2762 846 2832 debet.
900 2760 997 2830 Nam
1027 2761 1057 2830 si
1080 2760 1200 2852 judex

147 2880 276 2950 habeat
302 2879 551 2950 conscientiam
575 2889 698 2948 contra
723 2902 834 2961 reum,
852 2890 889 2947 et
908 2885 1027 2948 tamen
1049 2877 1087 2946 in
1107 2878 1200 2947 actis

147 3018 228 3065 reus
253 2995 422 3088 probetur
438 2996 616 3077 innocens,
636 3004 713 3063 tum
731 3002 875 3086 propter
891 3016 990 3062 suam
1014 2996 1198 3065 conscien·
1210 3002 1273 3087 136

147 3112 243 3193 tiam,
263 3113 415 3203 quescit
433 3134 515 3180 eum
534 3119 722 3181 nocentem
729 3108 751 3190 ¹,
769 3110 1004 3181 condemnare
1020 3132 1104 3180 eum
1124 3134 1198 3181 non

147 3229 264 3311 debet,
283 3229 344 3298 sed
371 3228 481 3309 illum,
508 3230 702 3298 secundum
730 3228 764 3296 id
792 3229 887 3318 quod
912 3226 1102 3319 probatum
1129 3239 1196 3312 est,

145 3344 336 3415 absolvere.
406 3345 499 3428 Quia
532 3345 669 3414 etiamsi
714 3344 781 3414 hoc
816 3344 932 3426 faciat,
967 3366 1038 3412 non
1074 3353 1194 3415 tamen

147 3470 265 3552 potest
283 3464 351 3531 dici
369 3486 450 3531 eum
470 3471 593 3531 contra
610 3462 859 3531 conscientiam
883 3461 1017 3548 fecisse,
1036 3483 1119 3530 cum
1142 3486 1196 3532 re-

147 3600 207 3644 um
226 3600 295 3645 non
321 3586 360 3645 ut
383 3578 622 3659 innocentem,
641 3577 701 3646 sed
724 3577 769 3646 ab
790 3577 956 3646 instantis
972 3576 1100 3666 judicii
1120 3587 1196 3647 tan·

149 3703 223 3763 turn
251 3694 419 3763 absolvet.
479 3693 515 3763 Si
545 3717 627 3763 vero
646 3695 760 3784 judex
787 3693 916 3763 habeat
943 3695 1193 3765 conscientiam

148 3833 210 3901 pro
237 3834 296 3878 reo
322 3820 445 3880 contra
470 3809 623 3904 allegata
646 3822 683 3881 et
708 3811 864 3903 probata,
889 3820 966 3878 tum
989 3832 1061 3879 non
1089 3811 1195 3880 debet

148 3936 271 3996 contro
288 3927 523 3996 indubitatem
548 3928 798 3997 conscientiam
818 3929 854 3996 in
872 3949 978 3996 causa
995 3926 1194 3997 decernere.

149 4040 242 4123 Quia
258 4044 371 4132 judici
390 4043 606 4112 credendum
625 4053 688 4124 est,
708 4045 767 4135 qui
789 4042 920 4135 allegat
944 4042 1194 4111 conscientiam

148 4158 184 4224 in
203 4159 440 4248 praejudicium
461 4158 616 4240 alterius,
635 4161 662 4228 si
682 4182 760 4228 eam
778 4159 927 4250 probare
945 4157 1065 4249 possit.

567 4294 574 4332 ¹
591 4303 781 4358 innocentem.
