2692 4800
359 320 409 372 on
431 321 613 381 resersus,
640 322 843 381 nonunous
868 325 996 377 orcus.
1128 314 1199 381 243

156 476 417 569 consignarunt,
452 477 507 548 vel
542 477 735 549 effecerunt
771 478 826 550 vel
867 491 1120 551 consenserunt
1159 492 1200 552 ut

154 593 447 686 consignarentur
465 595 596 686 scripta
619 616 730 679 secus,
748 618 853 687 quam
872 618 893 666 a
911 595 1011 665 nobis
1034 597 1128 689 prius
1148 607 1202 668 est

153 706 399 780 constitutum.

244 1147 314 1220 DE
338 1146 591 1233 TESTIBUS,
618 1147 913 1235 EORUMQUE
940 1149 1116 1222 DICTIS.

155 1386 232 1473 Gap.
247 1405 273 1450 ι.
292 1385 419 1466 Quodn
433 1394 516 1451 tester
529 1384 728 1452 seminandi
741 1395 812 1452 tuot
824 1397 894 1453 uate
907 1387 990 1452 litam
1005 1395 1202 1453 aureatam.

205 1521 509 1595 Considerandum
531 1532 595 1605 est,
612 1546 658 1593 an
680 1525 841 1617 probatio
866 1547 929 1618 per
951 1533 1062 1596 testes
1087 1524 1204 1595 fienda

154 1641 202 1711 sit
232 1641 271 1710 in
297 1662 402 1710 causa
432 1638 625 1732 principali,
654 1662 699 1710 an
734 1641 771 1709 in
801 1663 907 1711 causa
939 1643 1132 1712 accessoria
1166 1649 1203 1712 et

154 1758 363 1850 emergenti.
429 1755 467 1826 si
501 1757 538 1825 in
572 1777 677 1825 causa
716 1756 886 1826 incidenti
921 1766 959 1828 et
998 1759 1201 1840 accessoria,

155 1872 368 1965 (cujusmodi
398 1879 490 1954 sunt,
517 1893 595 1962 quae
621 1871 783 1940 oriuntur
808 1894 853 1942 ex
879 1874 1049 1966 oppositis
1075 1896 1203 1965 excep-

155 1987 311 2058 tionibus
354 1985 535 2067 dilatoriis,
569 1986 615 2054 de
652 1984 891 2058 declinatoriis
921 1988 1060 2080 judicii,
1094 2000 1202 2081 atque

154 2104 264 2175 etiam
281 2103 526 2196 peremptoriis
542 2102 764 2194 quibusdam,
778 2111 819 2173 ut
837 2113 891 2174 est
909 2104 1074 2196 exceptio
1092 2113 1203 2174 trans-

153 2222 303 2292 actionis
327 2221 379 2291 rei
398 2221 579 2312 judicatae,
608 2217 680 2288 litis
705 2219 819 2289 finitio
846 2243 908 2312 per
926 2220 1201 2310 jusjurandum)

153 2359 224 2407 non
256 2347 311 2407 est
337 2358 425 2429 opus
460 2344 501 2404 ut
528 2343 740 2426 expectetur
767 2334 839 2404 litis
869 2335 1091 2416 contestatio,
1119 2336 1203 2428 quia

152 2451 241 2524 tales
264 2452 509 2523 controversiae
530 2451 772 2543 obstantque
795 2450 911 2520 minus
933 2451 1008 2521 fieri
1026 2451 1201 2543 judicium

152 2569 197 2640 de
213 2567 397 2661 principaii
415 2568 608 2659 quastione
625 2566 745 2658 possit,
763 2566 830 2635 nisi
849 2565 893 2635 de
911 2565 980 2636 illis
1003 2568 1099 2660 prins
1121 2589 1203 2635 con-

151 2694 224 2757 stet
240 2685 288 2769 id,
305 2684 400 2777 qnod
418 2691 579 2755 constare
604 2705 675 2753 non
694 2691 820 2774 potest,
838 2683 865 2752 si
895 2706 964 2752 non
987 2681 1199 2753 afferantur¹

151 2801 386 2895 probationes.
429 2799 588 2870 Necesse
606 2807 661 2869 est
678 2799 798 2890 itaque
817 2807 926 2868 testes
942 2800 986 2868 ad
1006 2798 1201 2890 probandas

151 2918 243 2990 tales
259 2917 487 3010 exceptiones
511 2923 595 2986 ante
617 2914 689 2984 litis
706 2915 1000 2984 contestationem
1020 2915 1056 2982 in
1073 2915 1202 3005 princi-

151 3034 222 3126 pali
240 3056 345 3104 causa
367 3033 496 3102 factam
516 3032 670 3101 admitti.
723 3031 766 3100 In
788 3053 893 3100 causa
911 3053 992 3098 vero
1016 3031 1200 3124 principali

150 3149 361 3243 regulariter
381 3170 452 3218 non
478 3147 681 3217 admittitur
707 3147 851 3216 testium
878 3145 1048 3238 probatio,
1066 3146 1133 3216 nisi
1157 3145 1200 3217 lis

150 3272 350 3337 contestata
367 3264 436 3345 sit;
464 3265 547 3356 quia
564 3272 648 3333 ante
666 3263 738 3334 litis
755 3263 1052 3333 contestationem
1071 3263 1200 3332 consti-

150 3383 206 3452 tui
232 3403 303 3451 non
334 3388 462 3473 potest,
489 3403 567 3472 quae
597 3381 643 3450 sit
673 3380 767 3449 inter
792 3377 973 3472 litigantes
990 3378 1199 3472 principalis

150 3495 397 3566 controversia.
461 3495 610 3587 Ineptus
635 3495 756 3587 itaque
785 3503 877 3566 esset
896 3495 1021 3588 judex,
1049 3495 1109 3587 qni
1138 3493 1199 3563 ed·
1287 3526 1291 3535 ·

149 3613 311 3682 mitteret
337 3611 412 3703 ejus
433 3612 484 3680 rei
505 3611 750 3703 probationem
770 3611 855 3693 fieri,
874 3612 918 3681 de
936 3612 1037 3702 cujus
1059 3619 1198 3680 contro-
1281 3614 1285 3668 I

148 3728 263 3798 versia
296 3725 454 3795 nondum
488 3727 521 3795 ei
556 3726 640 3796 satis
674 3733 862 3796 constaret.
929 3725 1197 3817 Nonnunquam

148 3851 269 3913 tamen
295 3852 333 3912 et
359 3841 558 3934 principalis
584 3841 717 3933 negotii
742 3850 850 3910 testes
875 3842 1095 3934 recipiuntur
1113 3850 1197 3911 ante

148 3959 222 4031 litis
239 3958 533 4028 contestationem
547 3980 557 4040 ;
582 3956 644 4027 sed
662 3955 730 4027 hoc
748 3956 789 4026 fit
806 3956 911 4026 certis
928 3955 1042 4025 solnm
1056 3978 1102 4025 ex
1115 3979 1197 4026 cau·

146 4074 205 4157 sis,
223 4084 262 4144 et
287 4096 332 4143 ex
359 4072 531 4143 beneficio
548 4071 702 4163 quodam
719 4071 830 4162 juris;
857 4080 898 4140 ut
915 4070 946 4139 si
963 4069 1041 4162 quis
1061 4070 1196 4138 dintur-

146 4211 231 4260 nam
256 4190 452 4260 absentiam
479 4196 541 4257 aut
567 4195 720 4257 mortem
745 4195 883 4257 metuat
906 4208 1040 4269 eorum,
1067 4183 1196 4276 quibua

575 4325 581 4364 ¹
596 4326 763 4393 offerantur.

656 4430 720 4494 aa
