2692 4800
556 321 782 374 nanncnrrs.
1124 307 1197 380 129

150 498 235 569 opus
260 477 322 558 sit,
339 497 446 570 quam
469 475 612 547 colonis.
663 475 897 569 Quapropter,
917 485 957 546 ut
980 498 1026 547 ex
1048 477 1124 569 pari
1150 474 1200 546 la-

148 591 233 662 bore
258 615 325 685 par
349 600 585 683 consequatur
609 614 754 675 merces,
771 593 1019 663 constituimus
1045 601 1086 661 ut
1108 614 1199 663 mer-

148 719 296 791 catores,
326 730 520 800 pannorum
555 708 786 791 confectores,
816 718 855 778 et
888 708 1039 778 artifices
1073 705 1197 800 reliqui

150 825 393 917 cujuscunque
409 825 557 917 generis,
575 845 617 893 ac
640 845 762 894 omnes
785 824 845 916 qui
863 824 1011 894 scientia
1028 822 1084 893 vel
1107 823 1199 916 peri·

151 941 201 1011 tia
227 937 481 1033 qualicunquel
513 938 649 1009 lucrum
680 941 892 1032 percipiunt,
916 940 983 1011 hoc
1007 940 1115 1010 modo
1139 939 1199 1009 de-

149 1058 259 1127 cimas
276 1058 497 1150 persolvant:
524 1078 587 1147 pro
605 1055 768 1126 domibus
786 1056 951 1126 nimirum
970 1065 1078 1149 atque
1095 1056 1198 1126 terris

150 1173 278 1264 quibus
296 1183 455 1253 utuntur,
477 1182 514 1242 et
532 1170 669 1241 illarum
694 1172 829 1241 ratione
847 1172 1001 1243 decimas
1019 1171 1198 1265 praediales

150 1313 220 1360 non
244 1289 397 1372 solvunt,
415 1288 575 1382 quolibet
599 1311 691 1358 anno
715 1289 850 1358 dabunt
873 1312 997 1359 annuae
1021 1290 1198 1382 pensionis

151 1407 326 1477 decimam
344 1414 493 1498 partem.

270 1619 349 1704 Cap.
365 1639 374 1681 ι
381 1634 412 1705 5.
435 1617 648 1701 Proprietcrii
662 1616 803 1703 quomodo
817 1616 949 1689 decimos
961 1615 1081 1682 soleant.

200 1757 306 1842 Quod
333 1758 361 1827 si
386 1766 572 1840 mercator,
599 1765 662 1826 aut
692 1757 830 1838 artifex,
857 1765 920 1827 aut
944 1756 1199 1850 qualiscunque

150 1875 453 1969 negotiatorem
487 1875 635 1944 scientia
668 1872 724 1943 vel
760 1873 885 1965 peritia
916 1895 954 1943 se
987 1883 1198 1955 sustentans,

151 1990 374 2083 proprietatis
394 1992 455 2083 jus
482 1988 537 2060 vel
566 1990 603 2059 in
631 1989 764 2059 adibus
787 1989 907 2074 babet,
930 1991 966 2060 in
992 1991 1121 2082 quibus
1145 1992 1199 2060 in-

151 2104 299 2187 habitat,
317 2102 373 2176 vel
398 2105 435 2174 in
462 2105 562 2175 terris
587 2105 818 2187 circumfusis,
841 2105 970 2198 quibus
994 2107 1039 2176 ad
1065 2128 1199 2177 merca·

153 2230 281 2305 turam,
297 2221 485 2292 artificium
502 2221 561 2291 vel
583 2222 747 2314 peritiam
772 2223 897 2305 utitur,
914 2222 1005 2293 hanc
1027 2245 1108 2293 cum
1130 2222 1200 2295 illis

150 2336 323 2408 rationem
354 2336 432 2406 iniri
463 2336 635 2417 volumus,
661 2345 703 2408 ut
729 2361 776 2407 ex
806 2360 877 2409 una
902 2348 1002 2430 parte
1028 2339 1198 2420 minister,

150 2462 188 2523 et
204 2475 253 2524 ex
269 2451 381 2523 altera
400 2460 500 2545 parte
521 2475 705 2545 possessor,
724 2453 853 2546 singuli
871 2453 1027 2548 singulos
1052 2454 1202 2526 arbitros

150 2574 304 2655 sumant,
334 2576 373 2637 et
401 2568 522 2638 arbitri
553 2569 685 2660 sumpti
719 2567 890 2638 definiant
921 2570 1044 2661 quanti
1075 2569 1201 2640 domus

151 2693 188 2754 et
210 2694 315 2755 terrae
337 2683 418 2765 sint,
440 2692 478 2752 et
503 2706 574 2775 quo
597 2683 712 2775 pretio
737 2683 844 2754 locari
867 2692 1025 2777 possunt,
1045 2694 1083 2754 et
1105 2684 1200 2757 illius

150 2799 255 2892 pretii
281 2799 454 2870 decimam
481 2822 503 2869 a
527 2820 724 2892 possessore
750 2799 911 2869 minister
935 2799 1096 2891 accipiet.
1150 2799 1199 2870 Et

149 2917 244 2987 inter
273 2915 361 2985 duos
394 2915 544 2986 arbitros
574 2915 602 2985 si
633 2915 725 2985 forte
759 2916 948 2985 convenire
979 2937 1050 2985 non
1081 2917 1199 3008 possit,

149 3031 345 3103 ordinarius
378 3029 473 3101 illius
500 3030 657 3101 ecclesiae
687 3032 848 3124 proprius
873 3032 1019 3101 tertium
1045 3031 1200 3126 assignet

150 3149 264 3218 virum
298 3168 454 3240 gravem,
480 3156 518 3216 et
551 3147 752 3239 hujusmodi
782 3148 1099 3218 controversiarum
1129 3148 1200 3219 cal-

150 3262 296 3345 lentem,
327 3272 365 3332 et
397 3262 492 3354 quod
522 3261 574 3332 illi
604 3262 791 3343 ridebitur,
819 3263 855 3333 id
891 3262 926 3332 in
956 3263 1024 3334 boc
1056 3265 1199 3359 negotio

149 3379 264 3451 teneri
285 3378 413 3472 placet.

240 3592 318 3677 Cap.
332 3594 379 3655 16.
402 3591 547 3656 Decimus
561 3589 718 3676 utriusque
729 3593 849 3678 pencris
862 3591 1021 3658 solvendos
1035 3614 1103 3660 carc.

201 3726 422 3800 Mercatores
448 3737 582 3811 autem,
608 3729 771 3812 artifices,
797 3737 835 3800 et
865 3729 1009 3822 reliquae
1038 3751 1199 3821 personae

143 3865 235 3937 quas
265 3843 428 3925 diximus,
455 3866 535 3914 cum
567 3846 722 3916 decimas
752 3845 952 3938 personales
982 3845 1198 3918 contulerint

144 3983 193 4032 ea
219 3961 342 4041 forma,
366 3981 471 4051 quam
495 3970 579 4030 ante
606 3963 797 4055 posuimus,
819 3961 897 4032 illas
926 3975 1048 4034 tamen
1076 3964 1198 4056 prioris
1208 3984 1249 4049 62

143 4077 300 4173 generis,
320 4098 406 4168 quas
433 4076 618 4168 praediales
648 4088 786 4162 vocant,
814 4079 992 4171 adjicient.
1046 4078 1140 4150 Nam
1169 4081 1197 4150 si

559 4229 565 4268 ¹
583 4235 784 4309 qualecunque.

668 4352 693 4401 K
