2692 4800
145 274 218 340 140
502 288 551 338 na
575 285 832 339 maranensis.
1174 284 1243 337 arc

145 441 311 525 revocari,
337 440 515 512 residuum
547 448 667 511 autem
698 438 743 510 ad
772 436 996 511 voluntatem
1023 437 1182 511 referatur

145 558 345 641 testatoris3
364 580 469 649 quem
484 556 513 627 si
528 558 619 627 forte
636 578 731 627 mors
747 556 824 627 sine
836 562 1056 626 testamento
1073 554 1184 648 depre

145 674 319 757 henderit,
337 675 419 767 juro
443 670 572 764 sobolis
594 669 775 754 inviolato,
793 670 887 764 qnod
905 669 1129 764 relinquetur
1147 670 1184 743 ad

145 790 398 863 authoritatem
412 789 621 860 devolvatur
637 789 976 860 administratorum.
1022 786 1186 859 Fortuna·

145 931 224 979 rum
257 916 379 978 autem
409 905 489 976 talis
522 905 613 977 ratio
643 904 751 976 debet
781 905 870 986 iniri,
902 927 1048 998 semper
1075 913 1118 976 ut
1147 926 1187 977 m

145 1024 313 1108 alienum,
347 1032 385 1093 et
419 1043 543 1093 omnes
582 1021 715 1092 funeris
753 1022 922 1115 impensae
962 1022 1187 1093 deducantur.

146 1138 357 1211 Liberorum
375 1162 458 1209 vero
474 1139 546 1230 jus,
564 1140 730 1230 quoniam
752 1146 897 1232 propter
915 1139 1053 1209 variam
1074 1160 1187 1208 eorum

145 1256 412 1327 multitudinem
437 1254 610 1325 incertum
635 1277 712 1327 esse
735 1264 864 1348 potest,
881 1253 1098 1348 aequalitatis
1120 1277 1188 1347 per·

145 1382 255 1467 petua
279 1372 402 1467 regula
430 1372 628 1455 definiatur,
653 1381 696 1443 ut
724 1381 954 1466 quotcunque
985 1372 1074 1455 siut,
1096 1393 1188 1443 auam

146 1492 294 1584 quisque
311 1490 485 1582 propriam
505 1488 634 1559 habeat
650 1512 714 1582 pro
734 1489 946 1559 facultatum
962 1488 1105 1560 ratione
1120 1510 1189 1582 par·

146 1605 302 1687 ticulam,
328 1606 394 1676 nisi
425 1605 517 1674 forte
547 1616 647 1698 pater
671 1607 707 1675 in
734 1613 951 1677 testamento
983 1607 1188 1676 nominatim

146 1722 278 1815 aliquid
306 1744 406 1792 secus
435 1721 601 1814 posuerit.
655 1720 703 1792 Et
732 1743 843 1813 quum
871 1722 1015 1792 tenuior
1041 1722 1111 1792 erit
1136 1744 1188 1814 pa·

146 1848 287 1909 rentum
306 1836 474 1918 conditio,
487 1835 610 1907 licebit
627 1836 708 1908 liliis
725 1839 762 1908 iu
780 1837 886 1908 tertia
896 1837 1073 1908 bonorum
1085 1847 1186 1930 parte,

147 1957 246 2050 cujus
259 1957 436 2049 integrum
445 1953 505 2045 jus
518 1952 661 2038 habent,
676 1962 818 2024 tantum
832 1962 996 2047 parentes
1009 1954 1187 2025 sublevare

146 2080 318 2164 quantum
338 2069 408 2139 illis
427 2068 613 2142 videbitur.
665 2071 753 2155 Quae
775 2094 832 2141 res
854 2080 896 2141 ut
920 2070 1063 2143 facilius
1085 2072 1187 2165 possit

146 2189 321 2283 progredi,
340 2185 491 2278 reliquas
508 2189 697 2279 portiones,
716 2210 803 2280 quas
825 2187 995 2257 uxoribus
1017 2198 1057 2258 et
1076 2188 1188 2260 liberis

147 2306 409 2387 reservavimus,
436 2306 464 2376 si
490 2304 588 2377 locus
613 2328 735 2375 eorum
762 2326 893 2375 vacuus
918 2304 1038 2387 fuerit,
1064 2304 1109 2376 ad
1135 2329 1188 2399 pa·

146 2433 265 2494 rentes
282 2421 605 2515 collocupletandos
627 2421 765 2491 infundi
784 2443 885 2514 posse
902 2420 1033 2513 placet.
1085 2420 1189 2494 Deni-

147 2562 216 2631 que
238 2539 266 2608 si
287 2540 494 2620 testatoris¹,
512 2537 569 2607 vel
587 2560 668 2607 cum
687 2546 902 2608 testamento
921 2536 977 2607 vel
995 2539 1073 2610 sine
1088 2548 1190 2610 testa·

146 2665 269 2728 mento
295 2656 487 2735 morientis,
513 2655 626 2724 lilium
654 2654 762 2724 etiam
788 2676 883 2723 mors
909 2657 1133 2747 oppresserit,
1158 2665 1190 2725 et

147 2772 176 2843 is
206 2771 299 2841 lilius
330 2770 457 2840 liberos
487 2771 626 2849 habeat,
655 2781 828 2862 quantum
858 2793 904 2840 ex
932 2773 988 2841 avi
1019 2772 1123 2844 bonis
1151 2775 1190 2845 ad

147 2890 258 2960 lilium
291 2898 367 2958 erat
397 2888 647 2957 descensurum
677 2888 722 2956 ad
752 2897 899 2979 nepotes
928 2891 1124 2980 proveniat,
1154 2899 1191 2962 ut

147 3013 315 3083 latissime
336 3010 454 3104 legum
480 3018 677 3079 nostrarum
695 3008 896 3080 humanitas
918 3010 962 3080 ad
982 3011 1127 3085 omnes²
1143 3015 1191 3084 di·

147 3152 291 3199 manare
308 3128 430 3220 possit.

243 3323 321 3409 (lap.
341 3344 389 3387 11.
416 3323 475 3402 Qui
481 3323 549 3405 filii
557 3322 695 3407 portione
710 3320 847 3406 lepit-ima
861 3342 962 3385 cerere
971 3320 1099 3407 possint.
1221 3323 1243 3404 65

199 3446 332 3516 Nullus
349 3447 442 3516 filius
465 3448 500 3516 in
520 3454 735 3515 testamento
759 3446 868 3537 patris
890 3448 1118 3536 praetermitti
1138 3449 1193 3518 de-

147 3563 220 3646 bet,
244 3564 309 3632 nisi
335 3585 440 3653 quem
468 3563 562 3654 prius
586 3561 642 3631 vel
667 3571 751 3631 ante
774 3561 979 3631 conclusum
1004 3571 1194 3634 testamen·

148 3688 236 3760 tum,
248 3679 304 3748 vel
322 3680 358 3748 in
376 3680 451 3770 ipso
471 3679 674 3749 testamenti
694 3678 868 3748 condendi
882 3685 1043 3769 tempore
1057 3678 1194 3751 disertis

148 3796 263 3867 verbis
289 3804 389 3888 pater
414 3796 705 3865 exhaeredaverit.
756 3794 948 3865 Abdicatio
975 3804 1096 3866 tamen
1123 3798 1195 3888 ipsa

148 3934 218 3980 non
251 3911 391 3991 valebit,
419 3912 485 3980 nisi
509 3913 642 4002 justam
676 3910 829 4002 aliquam
860 3910 1024 3980 habuerit
1054 3934 1193 3982 causam

148 4029 364 4120 appositam:
391 4050 486 4118 quaa,
501 4038 541 4096 ut
558 4027 660 4120 plane
679 4036 984 4120 cognoscerentur,
998 4027 1056 4098 hic
1074 4030 1193 4098 ordine

149 4143 370 4234 subjecimus.
424 4141 549 4233 Itaque
573 4142 725 4233 primum
753 4149 790 4210 ot
816 4141 1060 4234 gravissimum
1083 4152 1146 4224 est,
1164 4144 1191 4212 si

315 4279 323 4322 ¹
341 4290 500 4339 testatores.
787 4274 848 4337 ²ad
865 4300 963 4338 omnes
979 4300 1029 4339 om.
