2692 4800
489 341 538 391 on
563 340 717 393 nnounrs
741 341 854 393 sunu.
1122 325 1192 390 321

43 518 81 573 η
142 490 230 562 Sine
255 492 371 585 culpa,
392 494 458 562 nisi
484 492 597 564 subsit
623 515 736 574 ceusu,
761 514 831 562 non
857 499 912 562 est
937 490 1063 583 aliquis
1090 491 1193 583 puni-

197 608 320 679 endue.

47 750 82 805 η
146 722 284 794 Scienti
301 732 339 794 et
355 725 590 796 consentienti
608 748 678 794 non
696 725 738 794 fit
757 725 883 815 injuria
899 747 1015 816 neque
1033 721 1145 793 dolus.

11 890 15 899 -
46 864 84 922 ῃ
150 838 254 910 Utile
271 862 334 932 per
350 839 478 912 inutile
496 863 566 911 non
585 842 692 911 debet
711 840 838 910 vitiari.

47 970 84 1041 38
148 952 207 1024 Ex
230 976 274 1024 eo
296 977 368 1025 non
393 955 500 1026 debet
523 957 601 1048 quie
626 955 761 1026 fructus
788 955 966 1045 consequi,
985 956 1080 1045 quod
1104 954 1197 1024 visus

198 1079 254 1140 est
269 1071 489 1164 impugnare.

49 1220 86 1275 ³9
148 1184 242 1257 Cum
271 1187 355 1279 qnid
383 1186 600 1279 prohibetur,
626 1187 857 1279 prohibentur
886 1188 1005 1257 omnia
1034 1209 1115 1279 quae
1144 1207 1198 1257 ee-

199 1311 358 1394 qnuntur
373 1324 419 1372 ex
437 1325 490 1374 eo.

50 1455 89 1507 ⁴⁰
150 1417 301 1490 Plureiis
316 1417 450 1489 locutio
468 1419 618 1490 duorum
637 1442 786 1489 nurnero
804 1428 859 1490 est
877 1428 1054 1490 contenta.

51 1574 85 1625 ⁴¹
150 1533 325 1626 Imputari
351 1557 421 1603 non
448 1534 556 1605 debet
581 1537 624 1615 ei,
651 1558 845 1627 perquem
873 1558 944 1604 uon
970 1543 1050 1616 stet,
1076 1535 1105 1605 si
1131 1557 1201 1603 non

201 1649 288 1720 fucit
305 1650 398 1741 quod
418 1673 480 1741 per
497 1673 579 1720 eum
599 1652 715 1721 fueret
732 1650 944 1720 faciendum.

54 1799 91 1853 ⁴3
153 1764 226 1848 Qui
243 1773 351 1848 tecet,
369 1767 568 1836 consentire
582 1766 731 1835 videtur.

25 1900 121 1967 §.184
153 1881 225 1966 Qui
254 1889 362 1964 tecet,
379 1904 450 1951 non
481 1881 621 1963 fatetur,
650 1882 710 1951 sed
742 1904 808 1951 neo
838 1882 963 1973 ntique
993 1902 1123 1974 negare
1149 1882 1204 1949 vi·

203 1999 317 2069 detur.

38 2146 118 2203 ιη.
154 2114 387 2186 Praesumitur
403 2114 611 2207 ignorantia,
629 2115 690 2184 ubi
708 2114 855 2184 scientia
872 2136 943 2183 non
961 2113 1140 2205 probetur.

38 2264 121 2321 e52.
154 2230 240 2302 Non
264 2238 410 2322 praestat
434 2230 739 2322 impedimentum,
758 2232 852 2322 quod
871 2232 1013 2321 dejure
1035 2254 1106 2299 non
1129 2253 1203 2300 sor-

205 2347 295 2417 titur
313 2344 493 2415 effectum.

10 2446 15 2517 i
42 2498 63 2535 ι
75 2499 121 2552 5⁴·
157 2463 229 2548 Qui
246 2463 340 2556 prior
356 2471 411 2533 est
428 2471 598 2554 tempore,
617 2463 732 2554 potior
749 2472 803 2532 est
814 2464 906 2554 juro.

59 2599 92 2655 σι
157 2579 263 2664 Quod
280 2579 326 2650 ob
342 2580 492 2672 gretiam
509 2578 657 2671 alicujus
679 2580 895 2661 conceditur,
914 2601 985 2648 non
1003 2587 1057 2649 est
1075 2580 1112 2648 in
1130 2579 1205 2670 ejus

206 2695 431 2788 dispendium
449 2695 736 2786 retorquendum.

61 2824 96 2881 62
158 2811 291 2883 Nullus
307 2835 353 2881 ex
370 2810 514 2883 consilio
533 2810 742 2900 (dummodo
766 2808 1032 2880 fraudulentum
1050 2834 1120 2880 non
1144 2811 1205 2894 sit)

209 2927 396 3021 obligetur.

63 3060 99 3131 ⁶3
160 3044 419 3136 Exceptionem
436 3043 606 3133 objiciens
623 3064 692 3111 non
711 3042 851 3112 videtur
868 3042 912 3111 do
934 3043 1131 3113 intentione
1149 3043 1210 3113 ad·

211 3159 352 3229 versarii
374 3158 546 3229 confiteri.

66 3295 99 3367 ⁶7
162 3275 267 3360 Quod
285 3297 350 3345 suo
367 3276 510 3344 nomine
527 3297 597 3344 non
616 3273 711 3356 licet,
730 3296 795 3343 noc
813 3274 928 3344 alieno
946 3273 1078 3344 licebit.

67 3414 101 3470 ⁶8
163 3392 288 3463 Potest
307 3393 384 3484 quis
407 3413 470 3483 per
493 3390 612 3470 alium,
631 3391 726 3480 quod
753 3400 872 3481 potest
896 3391 1011 3460 facere
1034 3414 1098 3483 per
1120 3392 1211 3482 seip-

212 3527 300 3576 eum.

69 3660 102 3718 7⁴
164 3621 270 3706 Quod
295 3620 400 3692 alicui
425 3622 578 3714 gratiose
604 3620 819 3699 conceditur,
839 3643 908 3690 non
933 3619 1041 3690 debet
1065 3620 1111 3690 ab
1136 3618 1213 3690 eliis

215 3738 252 3806 in
269 3734 472 3828 exemplum
492 3735 596 3804 trahi.

69 3882 103 3955 7⁶
164 3851 346 3923 Delictum
382 3873 540 3943 pereonae
580 3852 615 3920 in
657 3850 909 3921 detrimentum
951 3849 1106 3920 ecelesiae
1142 3872 1213 3918 non

215 3968 322 4039 debet
340 3967 546 4037 redundare.

68 4108 100 4162 s,
166 4082 210 4154 In
241 4082 396 4180 generali
426 4083 649 4153 concessione
680 4106 750 4153 non
779 4084 926 4152 veniunt
951 4105 1002 4161 ea,
1029 4105 1105 4174 quae
1136 4082 1214 4173 quis

216 4223 286 4269 non
304 4209 397 4271 esset
415 4199 650 4270 verisimiliter
667 4200 702 4268 in
721 4195 854 4292 specie¹
874 4220 1108 4270 concessurus.

630 4334 637 4372 ¹
662 4359 749 4414 spem.

693 4457 717 4505 Y

10 2900 15 2961 i
