<?xml version="1.0" encoding="UTF-8"?>
<!DOCTYPE html PUBLIC "-//W3C//DTD XHTML 1.0 Transitional//EN"
    "http://www.w3.org/TR/xhtml1/DTD/xhtml1-transitional.dtd">
<html xmlns="http://www.w3.org/1999/xhtml" xml:lang="en" lang="en">
 <head>
  <title>
</title>
<meta http-equiv="Content-Type" content="text/html;charset=utf-8" />
  <meta name='ocr-system' content='tesseract 3.04.00' />
  <meta name='ocr-capabilities' content='ocr_page ocr_carea ocr_par ocr_line ocrx_word'/>
</head>
<body>
  <div class='ocr_page' id='page_1' title='image "./reformationeccl01cardgoog_0387.png"; bbox 0 0 2692 4800; ppageno 0'>
   <div class='ocr_carea' id='block_1_1' title="bbox 25 4304 115 4548">
    <p class='ocr_par' dir='ltr' id='par_1_1' title="bbox 25 4304 115 4548">
     <span class='ocr_line' id='line_1_1' title="bbox 25 4304 115 4548; baseline 0 0"><span class='ocrx_word' id='word_1_1' title='bbox 25 4304 115 4548; x_wconf 65' lang='lat' dir='ltr'><strong>l</strong></span> 
     </span>
    </p>
   </div>
   <div class='ocr_carea' id='block_1_2' title="bbox 283 239 990 304">
    <p class='ocr_par' dir='ltr' id='par_1_2' title="bbox 283 239 990 304">
     <span class='ocr_line' id='line_1_2' title="bbox 283 239 990 304; baseline -0.01 0"><span class='ocrx_word' id='word_1_2' title='bbox 283 239 355 304; x_wconf 70' lang='lat'><strong>320</strong></span> <span class='ocrx_word' id='word_1_3' title='bbox 624 250 671 298; x_wconf 85' lang='lat' dir='ltr'><strong>oa</strong></span> <span class='ocrx_word' id='word_1_4' title='bbox 698 249 850 298; x_wconf 66' lang='lat' dir='ltr'><strong>renouare</strong></span> <span class='ocrx_word' id='word_1_5' title='bbox 875 249 990 299; x_wconf 79' lang='lat' dir='ltr'><strong>runis.</strong></span> 
     </span>
    </p>
   </div>
   <div class='ocr_carea' id='block_1_3' title="bbox 133 401 1248 4216">
    <p class='ocr_par' dir='ltr' id='par_1_3' title="bbox 133 401 1248 4216">
     <span class='ocr_line' id='line_1_3' title="bbox 133 401 1248 496; baseline 0.004 -25"><span class='ocrx_word' id='word_1_6' title='bbox 133 401 163 456; x_wconf 85' lang='lat' dir='ltr'><strong>ff.</strong></span> <span class='ocrx_word' id='word_1_7' title='bbox 174 401 206 456; x_wconf 75' lang='lat' dir='ltr'><strong>de</strong></span> <span class='ocrx_word' id='word_1_8' title='bbox 219 419 274 472; x_wconf 79' lang='lat' dir='ltr'><strong>reg.</strong></span> <span class='ocrx_word' id='word_1_9' title='bbox 285 403 482 474; x_wconf 83' lang='lat' dir='ltr'><strong>Haereditas</strong></span> <span class='ocrx_word' id='word_1_10' title='bbox 506 410 561 472; x_wconf 91' lang='lat' dir='ltr'><strong>est</strong></span> <span class='ocrx_word' id='word_1_11' title='bbox 585 404 757 472; x_wconf 81' lang='lat' dir='ltr'><strong>successio</strong></span> <span class='ocrx_word' id='word_1_12' title='bbox 782 402 817 471; x_wconf 94' lang='lat' dir='ltr'><strong>in</strong></span> <span class='ocrx_word' id='word_1_13' title='bbox 842 402 1046 472; x_wconf 85' lang='lat' dir='ltr'><strong>uuiversum</strong></span> <span class='ocrx_word' id='word_1_14' title='bbox 1067 406 1141 495; x_wconf 87' lang='lat' dir='ltr'><strong>jus,</strong></span> <span class='ocrx_word' id='word_1_15' title='bbox 1159 406 1248 496; x_wconf 90' lang='lat' dir='ltr'><strong>quod</strong></span> 
     </span>
     <span class='ocr_line' id='line_1_4' title="bbox 134 470 948 607; baseline -0.004 -19"><span class='ocrx_word' id='word_1_16' title='bbox 134 472 177 526; x_wconf 58' lang='grc' dir='ltr'><strong>ω’</strong></span> <span class='ocrx_word' id='word_1_17' title='bbox 190 480 217 526; x_wconf 55' lang='lat' dir='ltr'><strong>⁰t</strong></span> <span class='ocrx_word' id='word_1_18' title='bbox 231 470 264 526; x_wconf 76' lang='lat' dir='ltr'><strong>de</strong></span> <span class='ocrx_word' id='word_1_19' title='bbox 335 520 479 589; x_wconf 87' lang='lat' dir='ltr'><strong>functus</strong></span> <span class='ocrx_word' id='word_1_20' title='bbox 495 518 620 588; x_wconf 90' lang='lat' dir='ltr'><strong>babuit</strong></span> <span class='ocrx_word' id='word_1_21' title='bbox 637 527 797 607; x_wconf 90' lang='lat' dir='ltr'><strong>tempore</strong></span> <span class='ocrx_word' id='word_1_22' title='bbox 814 518 948 587; x_wconf 91' lang='lat' dir='ltr'><strong>mortis.</strong></span> 
     </span>
     <span class='ocr_line' id='line_1_5' title="bbox 135 613 1241 754; baseline 0.003 -51"><span class='ocrx_word' id='word_1_23' title='bbox 135 613 263 754; x_wconf 48' lang='lat' dir='ltr'><strong>⁸iffi·72†·</strong></span> <span class='ocrx_word' id='word_1_24' title='bbox 285 635 355 720; x_wconf 87' lang='lat' dir='ltr'><strong>Qui</strong></span> <span class='ocrx_word' id='word_1_25' title='bbox 379 636 483 706; x_wconf 88' lang='lat' dir='ltr'><strong>rebus</strong></span> <span class='ocrx_word' id='word_1_26' title='bbox 509 634 697 705; x_wconf 87' lang='lat' dir='ltr'>mobilibus</span> <span class='ocrx_word' id='word_1_27' title='bbox 722 634 965 725; x_wconf 81' lang='lat' dir='ltr'><strong>praeficiuntur</strong></span> <span class='ocrx_word' id='word_1_28' title='bbox 991 659 1054 727; x_wconf 91' lang='lat' dir='ltr'><strong>per</strong></span> <span class='ocrx_word' id='word_1_29' title='bbox 1080 635 1241 707; x_wconf 84' lang='lat' dir='ltr'><strong>defuncti</strong></span> 
     </span>
     <span class='ocr_line' id='line_1_6' title="bbox 333 751 1248 834; baseline 0 -12"><span class='ocrx_word' id='word_1_30' title='bbox 333 760 545 834; x_wconf 88' lang='lat' dir='ltr'><strong>tamentum‚</strong></span> <span class='ocrx_word' id='word_1_31' title='bbox 568 751 727 822; x_wconf 81' lang='lat' dir='ltr'><strong>haeredes</strong></span> <span class='ocrx_word' id='word_1_32' title='bbox 747 751 1004 821; x_wconf 81' lang='lat' dir='ltr'><strong>testamentarii</strong></span> <span class='ocrx_word' id='word_1_33' title='bbox 1029 753 1105 821; x_wconf 84' lang='lat' dir='ltr'><strong>sive</strong></span> <span class='ocrx_word' id='word_1_34' title='bbox 1126 763 1248 823; x_wconf 81' lang='lat' dir='ltr'><strong>execul</strong></span> 
     </span>
     <span class='ocr_line' id='line_1_7' title="bbox 332 864 888 956; baseline -0.005 -21"><span class='ocrx_word' id='word_1_35' title='bbox 332 864 565 956; x_wconf 83' lang='lat' dir='ltr'><strong>appellantur.</strong></span> <span class='ocrx_word' id='word_1_36' title='bbox 883 939 888 948; x_wconf 57' lang='grc'><strong>,</strong></span> 
     </span>
     <span class='ocr_line' id='line_1_8' title="bbox 284 980 1248 1079; baseline 0.006 -29"><span class='ocrx_word' id='word_1_37' title='bbox 284 980 445 1051; x_wconf 86' lang='lat' dir='ltr'><strong>Haeredis</strong></span> <span class='ocrx_word' id='word_1_38' title='bbox 479 980 715 1074; x_wconf 80' lang='lat' dir='ltr'><strong>appellatione</strong></span> <span class='ocrx_word' id='word_1_39' title='bbox 745 1004 866 1079; x_wconf 70' lang='lat' dir='ltr'><strong>omnes</strong></span> <span class='ocrx_word' id='word_1_40' title='bbox 899 982 1089 1075; x_wconf 87' lang='lat' dir='ltr'><strong>significari</strong></span> <span class='ocrx_word' id='word_1_41' title='bbox 1120 1005 1248 1056; x_wconf 78' lang='lat' dir='ltr'><strong>succes</strong></span> 
     </span>
     <span class='ocr_line' id='line_1_9' title="bbox 335 1099 636 1169; baseline 0.003 -2"><span class='ocrx_word' id='word_1_42' title='bbox 335 1099 548 1169; x_wconf 89' lang='lat' dir='ltr'><strong>credendum</strong></span> <span class='ocrx_word' id='word_1_43' title='bbox 571 1108 636 1168; x_wconf 87' lang='lat' dir='ltr'><strong>est.</strong></span> 
     </span>
     <span class='ocr_line' id='line_1_10' title="bbox 288 1213 1233 1308; baseline 0.003 -24"><span class='ocrx_word' id='word_1_44' title='bbox 288 1213 401 1285; x_wconf 91' lang='lat' dir='ltr'><strong>Nulla</strong></span> <span class='ocrx_word' id='word_1_45' title='bbox 417 1239 516 1286; x_wconf 88' lang='lat' dir='ltr'><strong>mora</strong></span> <span class='ocrx_word' id='word_1_46' title='bbox 532 1215 580 1286; x_wconf 94' lang='lat' dir='ltr'><strong>ibi</strong></span> <span class='ocrx_word' id='word_1_47' title='bbox 599 1214 809 1308; x_wconf 85' lang='lat' dir='ltr'><strong>intelligitur</strong></span> <span class='ocrx_word' id='word_1_48' title='bbox 824 1214 884 1285; x_wconf 92' lang='lat' dir='ltr'><strong>ubi</strong></span> <span class='ocrx_word' id='word_1_49' title='bbox 903 1214 1003 1285; x_wconf 90' lang='lat' dir='ltr'><strong>nulla</strong></span> <span class='ocrx_word' id='word_1_50' title='bbox 1020 1217 1151 1307; x_wconf 84' lang='lat' dir='ltr'><strong>petitio</strong></span> <span class='ocrx_word' id='word_1_51' title='bbox 1167 1229 1233 1289; x_wconf 90' lang='lat' dir='ltr'><strong>est.</strong></span> 
     </span>
     <span class='ocr_line' id='line_1_11' title="bbox 184 1330 1248 1423; baseline 0.004 -23"><span class='ocrx_word' id='word_1_52' title='bbox 184 1360 234 1418; x_wconf 82' lang='lat'><strong>173</strong></span> <span class='ocrx_word' id='word_1_53' title='bbox 288 1330 360 1415; x_wconf 87' lang='lat' dir='ltr'><strong>Qui</strong></span> <span class='ocrx_word' id='word_1_54' title='bbox 377 1330 460 1402; x_wconf 92' lang='lat' dir='ltr'><strong>dolo</strong></span> <span class='ocrx_word' id='word_1_55' title='bbox 477 1331 581 1401; x_wconf 89' lang='lat' dir='ltr'><strong>desiit</strong></span> <span class='ocrx_word' id='word_1_56' title='bbox 598 1330 783 1423; x_wconf 90' lang='lat' dir='ltr'><strong>possidere,</strong></span> <span class='ocrx_word' id='word_1_57' title='bbox 801 1354 864 1423; x_wconf 91' lang='lat' dir='ltr'><strong>pro</strong></span> <span class='ocrx_word' id='word_1_58' title='bbox 881 1353 1080 1423; x_wconf 82' lang='lat' dir='ltr'><strong>possessore</strong></span> <span class='ocrx_word' id='word_1_59' title='bbox 1097 1332 1248 1404; x_wconf 83' lang='lat' dir='ltr'><strong>damnat</strong></span> 
     </span>
     <span class='ocr_line' id='line_1_12' title="bbox 191 1445 1244 1540; baseline 0.001 -22"><span class='ocrx_word' id='word_1_60' title='bbox 191 1465 225 1531; x_wconf 82' lang='lat'><strong>48</strong></span> <span class='ocrx_word' id='word_1_61' title='bbox 288 1446 464 1540; x_wconf 87' lang='lat' dir='ltr'><strong>Quicquid</strong></span> <span class='ocrx_word' id='word_1_62' title='bbox 491 1446 607 1518; x_wconf 88' lang='lat' dir='ltr'><strong>calore</strong></span> <span class='ocrx_word' id='word_1_63' title='bbox 634 1447 820 1517; x_wconf 81' lang='lat' dir='ltr'><strong>iracundiae</strong></span> <span class='ocrx_word' id='word_1_64' title='bbox 849 1446 902 1517; x_wconf 85' lang='lat' dir='ltr'><strong>vel</strong></span> <span class='ocrx_word' id='word_1_65' title='bbox 933 1447 975 1516; x_wconf 86' lang='lat' dir='ltr'><strong>fit</strong></span> <span class='ocrx_word' id='word_1_66' title='bbox 1003 1445 1078 1517; x_wconf 83' lang='lat' dir='ltr'><strong>vel¹</strong></span> <span class='ocrx_word' id='word_1_67' title='bbox 1103 1449 1244 1531; x_wconf 89' lang='lat' dir='ltr'><strong>dicitur,</strong></span> 
     </span>
     <span class='ocr_line' id='line_1_13' title="bbox 337 1565 1248 1660; baseline 0.002 -26"><span class='ocrx_word' id='word_1_68' title='bbox 337 1565 433 1657; x_wconf 88' lang='lat' dir='ltr'><strong>prius</strong></span> <span class='ocrx_word' id='word_1_69' title='bbox 456 1574 573 1634; x_wconf 89' lang='lat' dir='ltr'><strong>ratum</strong></span> <span class='ocrx_word' id='word_1_70' title='bbox 596 1571 660 1647; x_wconf 91' lang='lat' dir='ltr'><strong>est,</strong></span> <span class='ocrx_word' id='word_1_71' title='bbox 678 1586 783 1655; x_wconf 89' lang='lat' dir='ltr'><strong>quam</strong></span> <span class='ocrx_word' id='word_1_72' title='bbox 805 1565 833 1633; x_wconf 86' lang='lat' dir='ltr'><strong>si</strong></span> <span class='ocrx_word' id='word_1_73' title='bbox 858 1566 1118 1655; x_wconf 83' lang='lat' dir='ltr'><strong>perseverantia</strong></span> <span class='ocrx_word' id='word_1_74' title='bbox 1137 1589 1248 1660; x_wconf 86' lang='lat' dir='ltr'><strong>appar</strong></span> 
     </span>
     <span class='ocr_line' id='line_1_14' title="bbox 330 1681 767 1772; baseline -0.002 -22"><span class='ocrx_word' id='word_1_75' title='bbox 330 1681 504 1772; x_wconf 88' lang='lat' dir='ltr'><strong>judicium</strong></span> <span class='ocrx_word' id='word_1_76' title='bbox 523 1681 632 1750; x_wconf 92' lang='lat' dir='ltr'><strong>animi</strong></span> <span class='ocrx_word' id='word_1_77' title='bbox 650 1681 767 1750; x_wconf 85' lang='lat' dir='ltr'><strong>fuisse.</strong></span> 
     </span>
     <span class='ocr_line' id='line_1_15' title="bbox 288 1795 1248 1889; baseline 0.005 -23"><span class='ocrx_word' id='word_1_78' title='bbox 288 1795 438 1879; x_wconf 85' lang='lat' dir='ltr'><strong>Quoties</strong></span> <span class='ocrx_word' id='word_1_79' title='bbox 455 1796 550 1866; x_wconf 88' lang='lat' dir='ltr'><strong>idem</strong></span> <span class='ocrx_word' id='word_1_80' title='bbox 566 1818 682 1867; x_wconf 90' lang='lat' dir='ltr'><strong>sermo</strong></span> <span class='ocrx_word' id='word_1_81' title='bbox 700 1796 786 1867; x_wconf 91' lang='lat' dir='ltr'><strong>duas</strong></span> <span class='ocrx_word' id='word_1_82' title='bbox 807 1796 1000 1866; x_wconf 87' lang='lat' dir='ltr'><strong>sententias</strong></span> <span class='ocrx_word' id='word_1_83' title='bbox 1019 1797 1248 1889; x_wconf 71' lang='lat' dir='ltr'><strong>exprimite</strong></span> 
     </span>
     <span class='ocr_line' id='line_1_16' title="bbox 338 1912 1248 2006; baseline 0.005 -25"><span class='ocrx_word' id='word_1_84' title='bbox 338 1913 514 1982; x_wconf 87' lang='lat' dir='ltr'><strong>tissimum</strong></span> <span class='ocrx_word' id='word_1_85' title='bbox 531 1914 732 2005; x_wconf 91' lang='lat' dir='ltr'><strong>accipiatur,</strong></span> <span class='ocrx_word' id='word_1_86' title='bbox 750 1935 830 2004; x_wconf 88' lang='lat' dir='ltr'><strong>quae</strong></span> <span class='ocrx_word' id='word_1_87' title='bbox 848 1914 898 1982; x_wconf 91' lang='lat' dir='ltr'><strong>rei</strong></span> <span class='ocrx_word' id='word_1_88' title='bbox 914 1912 1080 2006; x_wconf 77' lang='lat' dir='ltr'><strong>gerendae</strong></span> <span class='ocrx_word' id='word_1_89' title='bbox 1097 1916 1248 2006; x_wconf 85' lang='lat' dir='ltr'><strong>aptiore</strong></span> 
     </span>
     <span class='ocr_line' id='line_1_17' title="bbox 193 2028 1036 2122; baseline -0.011 -17"><span class='ocrx_word' id='word_1_90' title='bbox 193 2049 228 2106; x_wconf 88' lang='lat'><strong>55</strong></span> <span class='ocrx_word' id='word_1_91' title='bbox 290 2029 333 2099; x_wconf 93' lang='lat' dir='ltr'><strong>In</strong></span> <span class='ocrx_word' id='word_1_92' title='bbox 351 2029 466 2099; x_wconf 87' lang='lat' dir='ltr'><strong>dubiis</strong></span> <span class='ocrx_word' id='word_1_93' title='bbox 483 2028 689 2122; x_wconf 82' lang='lat' dir='ltr'><strong>benigniora</strong></span> <span class='ocrx_word' id='word_1_94' title='bbox 706 2039 789 2099; x_wconf 91' lang='lat' dir='ltr'><strong>sunt</strong></span> <span class='ocrx_word' id='word_1_95' title='bbox 806 2029 1036 2122; x_wconf 85' lang='lat' dir='ltr'><strong>praeferenda.</strong></span> 
     </span>
     <span class='ocr_line' id='line_1_18' title="bbox 176 2144 1152 2239; baseline 0.009 -29"><span class='ocrx_word' id='word_1_96' title='bbox 176 2174 202 2230; x_wconf 90' lang='lat'><strong>9.</strong></span> <span class='ocrx_word' id='word_1_97' title='bbox 213 2156 245 2210; x_wconf 88' lang='lat'><strong>60</strong></span> <span class='ocrx_word' id='word_1_98' title='bbox 291 2144 336 2215; x_wconf 94' lang='lat' dir='ltr'><strong>In</strong></span> <span class='ocrx_word' id='word_1_99' title='bbox 353 2145 510 2216; x_wconf 89' lang='lat' dir='ltr'><strong>obscuris</strong></span> <span class='ocrx_word' id='word_1_100' title='bbox 527 2146 621 2237; x_wconf 89' lang='lat' dir='ltr'><strong>quod</strong></span> <span class='ocrx_word' id='word_1_101' title='bbox 639 2146 826 2216; x_wconf 91' lang='lat' dir='ltr'><strong>minimum</strong></span> <span class='ocrx_word' id='word_1_102' title='bbox 845 2155 898 2217; x_wconf 89' lang='lat' dir='ltr'><strong>est</strong></span> <span class='ocrx_word' id='word_1_103' title='bbox 916 2149 1152 2239; x_wconf 88' lang='lat' dir='ltr'><strong>sequendum.</strong></span> 
     </span>
     <span class='ocr_line' id='line_1_19' title="bbox 198 2260 1235 2358; baseline 0.008 -29"><span class='ocrx_word' id='word_1_104' title='bbox 198 2292 230 2330; x_wconf 76' lang='grc' dir='ltr'><strong>ιο</strong></span> <span class='ocrx_word' id='word_1_105' title='bbox 292 2260 497 2333; x_wconf 88' lang='lat' dir='ltr'><strong>Secundum</strong></span> <span class='ocrx_word' id='word_1_106' title='bbox 520 2272 682 2333; x_wconf 88' lang='lat' dir='ltr'><strong>naturam</strong></span> <span class='ocrx_word' id='word_1_107' title='bbox 700 2272 764 2346; x_wconf 79' lang='lat' dir='ltr'><strong>est,</strong></span> <span class='ocrx_word' id='word_1_108' title='bbox 782 2264 968 2334; x_wconf 90' lang='lat' dir='ltr'><strong>commoda</strong></span> <span class='ocrx_word' id='word_1_109' title='bbox 988 2266 1163 2358; x_wconf 88' lang='lat' dir='ltr'><strong>cujusque</strong></span> <span class='ocrx_word' id='word_1_110' title='bbox 1186 2269 1235 2337; x_wconf 88' lang='lat' dir='ltr'><strong>rei</strong></span> 
     </span>
     <span class='ocr_line' id='line_1_20' title="bbox 337 2377 1052 2471; baseline 0 -22"><span class='ocrx_word' id='word_1_111' title='bbox 337 2379 447 2471; x_wconf 88' lang='lat' dir='ltr'><strong>sequi,</strong></span> <span class='ocrx_word' id='word_1_112' title='bbox 464 2401 571 2470; x_wconf 91' lang='lat' dir='ltr'><strong>quem</strong></span> <span class='ocrx_word' id='word_1_113' title='bbox 589 2389 784 2471; x_wconf 85' lang='lat' dir='ltr'><strong>sequuntur</strong></span> <span class='ocrx_word' id='word_1_114' title='bbox 801 2377 1052 2449; x_wconf 86' lang='lat' dir='ltr'><strong>incommoda².</strong></span> 
     </span>
     <span class='ocr_line' id='line_1_21' title="bbox 293 2492 1039 2586; baseline 0.003 -22"><span class='ocrx_word' id='word_1_115' title='bbox 293 2492 388 2564; x_wconf 91' lang='lat' dir='ltr'><strong>Vani</strong></span> <span class='ocrx_word' id='word_1_116' title='bbox 407 2493 559 2565; x_wconf 80' lang='lat' dir='ltr'><strong>timoris³</strong></span> <span class='ocrx_word' id='word_1_117' title='bbox 577 2518 646 2565; x_wconf 95' lang='lat' dir='ltr'><strong>non</strong></span> <span class='ocrx_word' id='word_1_118' title='bbox 658 2497 757 2586; x_wconf 90' lang='lat' dir='ltr'><strong>justa</strong></span> <span class='ocrx_word' id='word_1_119' title='bbox 774 2496 955 2566; x_wconf 85' lang='lat' dir='ltr'><strong>excusatio</strong></span> <span class='ocrx_word' id='word_1_120' title='bbox 973 2504 1039 2566; x_wconf 90' lang='lat' dir='ltr'><strong>est.</strong></span> 
     </span>
     <span class='ocr_line' id='line_1_22' title="bbox 144 2609 1247 2706; baseline 0.007 -29"><span class='ocrx_word' id='word_1_121' title='bbox 144 2623 237 2694; x_wconf 62' lang='lat'>1946.</span> <span class='ocrx_word' id='word_1_122' title='bbox 251 2641 283 2678; x_wconf 90' lang='lat'><strong>10</strong></span> <span class='ocrx_word' id='word_1_123' title='bbox 294 2609 531 2680; x_wconf 79' lang='lat' dir='ltr'><strong>Ratibabitio⁴</strong></span> <span class='ocrx_word' id='word_1_124' title='bbox 549 2612 746 2692; x_wconf 86' lang='lat' dir='ltr'><strong>retrahitur,</strong></span> <span class='ocrx_word' id='word_1_125' title='bbox 765 2622 802 2680; x_wconf 86' lang='lat' dir='ltr'><strong>et</strong></span> <span class='ocrx_word' id='word_1_126' title='bbox 820 2612 985 2682; x_wconf 76' lang='lat' dir='ltr'><strong>mandato</strong></span> <span class='ocrx_word' id='word_1_127' title='bbox 1005 2615 1247 2706; x_wconf 81' lang='lat' dir='ltr'><strong>aequiparatur.</strong></span> 
     </span>
     <span class='ocr_line' id='line_1_23' title="bbox 195 2725 1248 2822; baseline 0.005 -28"><span class='ocrx_word' id='word_1_128' title='bbox 195 2743 228 2812; x_wconf 79' lang='lat'><strong>69</strong></span> <span class='ocrx_word' id='word_1_129' title='bbox 293 2725 425 2797; x_wconf 87' lang='lat' dir='ltr'><strong>Ratum</strong></span> <span class='ocrx_word' id='word_1_130' title='bbox 451 2730 529 2819; x_wconf 92' lang='lat' dir='ltr'><strong>quis</strong></span> <span class='ocrx_word' id='word_1_131' title='bbox 553 2729 681 2799; x_wconf 89' lang='lat' dir='ltr'><strong>habere</strong></span> <span class='ocrx_word' id='word_1_132' title='bbox 705 2751 774 2797; x_wconf 94' lang='lat' dir='ltr'><strong>non</strong></span> <span class='ocrx_word' id='word_1_133' title='bbox 799 2736 927 2818; x_wconf 82' lang='lat' dir='ltr'><strong>potest,</strong></span> <span class='ocrx_word' id='word_1_134' title='bbox 947 2729 1040 2819; x_wconf 92' lang='lat' dir='ltr'><strong>quod</strong></span> <span class='ocrx_word' id='word_1_135' title='bbox 1067 2732 1177 2822; x_wconf 86' lang='lat' dir='ltr'><strong>ipsius</strong></span> <span class='ocrx_word' id='word_1_136' title='bbox 1200 2755 1248 2801; x_wconf 88' lang='lat' dir='ltr'><strong>no:</strong></span> 
     </span>
     <span class='ocr_line' id='line_1_24' title="bbox 341 2853 652 2939; baseline -0.003 -25"><span class='ocrx_word' id='word_1_137' title='bbox 341 2853 481 2939; x_wconf 88' lang='lat' dir='ltr'><strong>gestum</strong></span> <span class='ocrx_word' id='word_1_138' title='bbox 500 2869 569 2914; x_wconf 94' lang='lat' dir='ltr'><strong>non</strong></span> <span class='ocrx_word' id='word_1_139' title='bbox 589 2855 652 2915; x_wconf 74' lang='lat' dir='ltr'><strong>est,</strong></span> 
     </span>
     <span class='ocr_line' id='line_1_25' title="bbox 177 2961 1248 3052; baseline 0.009 -30"><span class='ocrx_word' id='word_1_140' title='bbox 177 2969 245 3023; x_wconf 83' lang='lat'>6.11</span> <span class='ocrx_word' id='word_1_141' title='bbox 293 2961 384 3031; x_wconf 87' lang='lat' dir='ltr'><strong>Cum</strong></span> <span class='ocrx_word' id='word_1_142' title='bbox 416 2962 485 3029; x_wconf 86' lang='lat' dir='ltr'><strong>sint</strong></span> <span class='ocrx_word' id='word_1_143' title='bbox 512 2962 665 3052; x_wconf 86' lang='lat' dir='ltr'><strong>partium</strong></span> <span class='ocrx_word' id='word_1_144' title='bbox 689 2962 772 3052; x_wconf 90' lang='lat' dir='ltr'><strong>jura</strong></span> <span class='ocrx_word' id='word_1_145' title='bbox 798 2962 954 3042; x_wconf 79' lang='lat' dir='ltr'><strong>obscura,</strong></span> <span class='ocrx_word' id='word_1_146' title='bbox 979 2985 1040 3032; x_wconf 92' lang='lat' dir='ltr'><strong>reo</strong></span> <span class='ocrx_word' id='word_1_147' title='bbox 1069 2963 1248 3033; x_wconf 88' lang='lat' dir='ltr'><strong>favendun</strong></span> 
     </span>
     <span class='ocr_line' id='line_1_26' title="bbox 342 3079 800 3172; baseline -0.002 -24"><span class='ocrx_word' id='word_1_148' title='bbox 342 3081 459 3172; x_wconf 88' lang='lat' dir='ltr'><strong>potius</strong></span> <span class='ocrx_word' id='word_1_149' title='bbox 478 3100 583 3169; x_wconf 89' lang='lat' dir='ltr'><strong>quam</strong></span> <span class='ocrx_word' id='word_1_150' title='bbox 602 3081 722 3148; x_wconf 87' lang='lat' dir='ltr'><strong>actori.</strong></span> <span class='ocrx_word' id='word_1_151' title='bbox 797 3079 800 3085; x_wconf 54' lang='lat'><em>⁴</em></span> 
     </span>
     <span class='ocr_line' id='line_1_27' title="bbox 199 3195 961 3290; baseline 0 -25"><span class='ocrx_word' id='word_1_152' title='bbox 199 3220 230 3273; x_wconf 80' lang='lat'><strong>13</strong></span> <span class='ocrx_word' id='word_1_153' title='bbox 293 3197 497 3290; x_wconf 84' lang='lat' dir='ltr'><strong>Ignorantia</strong></span> <span class='ocrx_word' id='word_1_154' title='bbox 513 3195 596 3265; x_wconf 90' lang='lat' dir='ltr'><strong>facti</strong></span> <span class='ocrx_word' id='word_1_155' title='bbox 614 3219 684 3264; x_wconf 92' lang='lat' dir='ltr'><strong>non</strong></span> <span class='ocrx_word' id='word_1_156' title='bbox 696 3197 787 3287; x_wconf 91' lang='lat' dir='ltr'><strong>juris</strong></span> <span class='ocrx_word' id='word_1_157' title='bbox 805 3207 961 3267; x_wconf 85' lang='lat' dir='ltr'><strong>excusat.</strong></span> 
     </span>
     <span class='ocr_line' id='line_1_28' title="bbox 200 3311 1103 3404; baseline 0.004 -26"><span class='ocrx_word' id='word_1_158' title='bbox 200 3341 229 3395; x_wconf 86' lang='lat'><strong>¹5</strong></span> <span class='ocrx_word' id='word_1_159' title='bbox 293 3311 385 3382; x_wconf 86' lang='lat' dir='ltr'><strong>Odia</strong></span> <span class='ocrx_word' id='word_1_160' title='bbox 404 3313 576 3404; x_wconf 86' lang='lat' dir='ltr'><strong>restringi,</strong></span> <span class='ocrx_word' id='word_1_161' title='bbox 596 3312 732 3381; x_wconf 86' lang='lat' dir='ltr'><strong>favores</strong></span> <span class='ocrx_word' id='word_1_162' title='bbox 749 3313 915 3381; x_wconf 88' lang='lat' dir='ltr'><strong>convenit</strong></span> <span class='ocrx_word' id='word_1_163' title='bbox 932 3312 1103 3403; x_wconf 87' lang='lat' dir='ltr'><strong>ampliari.</strong></span> 
     </span>
     <span class='ocr_line' id='line_1_29' title="bbox 294 3427 1248 3519; baseline 0.004 -24"><span class='ocrx_word' id='word_1_164' title='bbox 294 3427 409 3498; x_wconf 90' lang='lat' dir='ltr'><strong>Decet</strong></span> <span class='ocrx_word' id='word_1_165' title='bbox 439 3450 641 3497; x_wconf 89' lang='lat' dir='ltr'><strong>concessum</strong></span> <span class='ocrx_word' id='word_1_166' title='bbox 669 3451 690 3496; x_wconf 87' lang='lat' dir='ltr'><strong>a</strong></span> <span class='ocrx_word' id='word_1_167' title='bbox 716 3429 873 3519; x_wconf 87' lang='lat' dir='ltr'><strong>principe</strong></span> <span class='ocrx_word' id='word_1_168' title='bbox 901 3428 1114 3499; x_wconf 86' lang='lat' dir='ltr'><strong>beneficium</strong></span> <span class='ocrx_word' id='word_1_169' title='bbox 1142 3454 1248 3501; x_wconf 84' lang='lat' dir='ltr'><strong>esser</strong></span> 
     </span>
     <span class='ocr_line' id='line_1_30' title="bbox 342 3535 1174 3613; baseline 0.001 0"><span class='ocrx_word' id='word_1_170' title='bbox 342 3567 473 3613; x_wconf 85' lang='lat' dir='ltr'><strong>surum.</strong></span> <span class='ocrx_word' id='word_1_171' title='bbox 1170 3535 1174 3545; x_wconf 68' lang='grc'><strong>’</strong></span> 
     </span>
     <span class='ocr_line' id='line_1_31' title="bbox 294 3657 1248 3749; baseline 0.005 -22"><span class='ocrx_word' id='word_1_172' title='bbox 294 3657 479 3727; x_wconf 89' lang='lat' dir='ltr'><strong>Indultum</strong></span> <span class='ocrx_word' id='word_1_173' title='bbox 508 3681 529 3728; x_wconf 90' lang='lat' dir='ltr'><strong>a</strong></span> <span class='ocrx_word' id='word_1_174' title='bbox 551 3660 633 3749; x_wconf 88' lang='lat' dir='ltr'><strong>juro</strong></span> <span class='ocrx_word' id='word_1_175' title='bbox 664 3660 873 3728; x_wconf 83' lang='lat' dir='ltr'><strong>beneficium</strong></span> <span class='ocrx_word' id='word_1_176' title='bbox 910 3682 979 3727; x_wconf 91' lang='lat' dir='ltr'><strong>non</strong></span> <span class='ocrx_word' id='word_1_177' title='bbox 1016 3671 1071 3730; x_wconf 86' lang='lat' dir='ltr'><strong>est</strong></span> <span class='ocrx_word' id='word_1_178' title='bbox 1105 3663 1206 3732; x_wconf 87' lang='lat' dir='ltr'><strong>alicui</strong></span> <span class='ocrx_word' id='word_1_179' title='bbox 1237 3685 1248 3731; x_wconf 84' lang='lat' dir='ltr'><strong>a</strong></span> 
     </span>
     <span class='ocr_line' id='line_1_32' title="bbox 311 3775 502 3843; baseline 0.005 -2"><span class='ocrx_word' id='word_1_180' title='bbox 311 3836 314 3841; x_wconf 84' lang='lat'>.</span> <span class='ocrx_word' id='word_1_181' title='bbox 344 3775 502 3843; x_wconf 86' lang='lat' dir='ltr'><strong>rendum.</strong></span> 
     </span>
     <span class='ocr_line' id='line_1_33' title="bbox 294 3889 1187 3983; baseline 0.001 -25"><span class='ocrx_word' id='word_1_182' title='bbox 294 3889 426 3959; x_wconf 85' lang='lat' dir='ltr'><strong>Nullus</strong></span> <span class='ocrx_word' id='word_1_183' title='bbox 443 3890 601 3982; x_wconf 87' lang='lat' dir='ltr'><strong>pluribus</strong></span> <span class='ocrx_word' id='word_1_184' title='bbox 621 3893 672 3960; x_wconf 91' lang='lat' dir='ltr'><strong>uti</strong></span> <span class='ocrx_word' id='word_1_185' title='bbox 691 3891 952 3961; x_wconf 87' lang='lat' dir='ltr'><strong>defensionibus</strong></span> <span class='ocrx_word' id='word_1_186' title='bbox 970 3893 1187 3983; x_wconf 87' lang='lat' dir='ltr'><strong>prohibetur.</strong></span> 
     </span>
     <span class='ocr_line' id='line_1_34' title="bbox 197 4007 1248 4102; baseline 0.002 -27"><span class='ocrx_word' id='word_1_187' title='bbox 197 4029 226 4066; x_wconf 88' lang='lat'><strong>21</strong></span> <span class='ocrx_word' id='word_1_188' title='bbox 292 4007 396 4088; x_wconf 85' lang='lat' dir='ltr'><strong>Quod</strong></span> <span class='ocrx_word' id='word_1_189' title='bbox 415 4009 523 4077; x_wconf 89' lang='lat' dir='ltr'><strong>semel</strong></span> <span class='ocrx_word' id='word_1_190' title='bbox 543 4008 684 4099; x_wconf 81' lang='lat' dir='ltr'><strong>placuit,</strong></span> <span class='ocrx_word' id='word_1_191' title='bbox 703 4008 854 4099; x_wconf 86' lang='lat' dir='ltr'><strong>amplius</strong></span> <span class='ocrx_word' id='word_1_192' title='bbox 872 4007 1056 4101; x_wconf 87' lang='lat' dir='ltr'><strong>displicere</strong></span> <span class='ocrx_word' id='word_1_193' title='bbox 1075 4033 1146 4079; x_wconf 89' lang='lat' dir='ltr'><strong>non</strong></span> <span class='ocrx_word' id='word_1_194' title='bbox 1166 4022 1248 4102; x_wconf 78' lang='lat' dir='ltr'><strong>potos</strong></span> 
     </span>
     <span class='ocr_line' id='line_1_35' title="bbox 197 4120 1145 4216; baseline 0.012 -33"><span class='ocrx_word' id='word_1_195' title='bbox 197 4148 226 4184; x_wconf 68' lang='grc' dir='ltr'>υ</span> <span class='ocrx_word' id='word_1_196' title='bbox 293 4120 377 4191; x_wconf 92' lang='lat' dir='ltr'><strong>Non</strong></span> <span class='ocrx_word' id='word_1_197' title='bbox 397 4123 504 4191; x_wconf 85' lang='lat' dir='ltr'><strong>debet</strong></span> <span class='ocrx_word' id='word_1_198' title='bbox 522 4123 647 4213; x_wconf 91' lang='lat' dir='ltr'><strong>aliquis</strong></span> <span class='ocrx_word' id='word_1_199' title='bbox 664 4123 808 4192; x_wconf 82' lang='lat' dir='ltr'><strong>alterius</strong></span> <span class='ocrx_word' id='word_1_200' title='bbox 826 4124 907 4191; x_wconf 93' lang='lat' dir='ltr'><strong>odio</strong></span> <span class='ocrx_word' id='word_1_201' title='bbox 926 4128 1145 4216; x_wconf 58' lang='lat' dir='ltr'><strong>&#39;eegr-avari.</strong></span> 
     </span>
    </p>
   </div>
   <div class='ocr_carea' id='block_1_4' title="bbox 362 4261 1246 4337">
    <p class='ocr_par' dir='ltr' id='par_1_4' title="bbox 362 4261 1246 4337">
     <span class='ocr_line' id='line_1_36' title="bbox 362 4261 1246 4337; baseline 0.006 -20"><span class='ocrx_word' id='word_1_202' title='bbox 362 4261 426 4318; x_wconf 86' lang='lat' dir='ltr'><strong>¹ut.</strong></span> <span class='ocrx_word' id='word_1_203' title='bbox 511 4262 697 4318; x_wconf 75' lang='lat' dir='ltr'><strong>²rornnrodn.</strong></span> <span class='ocrx_word' id='word_1_204' title='bbox 781 4265 953 4337; x_wconf 69' lang='lat' dir='ltr'><strong>sstemporis.</strong></span> <span class='ocrx_word' id='word_1_205' title='bbox 1037 4267 1246 4324; x_wconf 74' lang='lat' dir='ltr'><strong>⁴Ratihobitai</strong></span> 
     </span>
    </p>
   </div>
   <div class='ocr_carea' id='block_1_5' title="bbox 0 0 1350 4800">
    <p class='ocr_par' dir='ltr' id='par_1_5' title="bbox 0 0 1350 4800">
     <span class='ocr_line' id='line_1_37' title="bbox 0 0 1350 4800; baseline 0 0"><span class='ocrx_word' id='word_1_206' title='bbox 0 0 1350 4800; x_wconf 95' lang='lat' dir='ltr'><strong> </strong></span> 
     </span>
    </p>
   </div>
  </div>
 </body>
</html>
