2692 4800
481 348 526 398 m
551 349 637 399 rma
662 349 875 401 ceruorum.
1175 340 1198 405 5

194 546 274 633 (lap.
290 569 322 631 9.
353 550 465 615 Onmie
478 551 627 615 eedmdo
641 572 678 615 ee
692 551 845 615 canonias
858 548 964 615 labori
977 551 1158 636 Smpturrs.

200 668 296 741 Haee
324 671 435 764 igitur
460 674 657 767 generatim
685 683 739 743 est
766 681 888 743 sancta
914 671 1106 767 Scriptura,
1132 695 1201 766 qua

150 786 272 856 omnia
296 788 436 858 creditu
460 788 505 858 ad
530 788 683 859 salutem
708 789 912 871 necessaria,
930 787 1035 880 plene
1061 799 1098 860 et
1123 812 1202 881 per·

150 902 247 973 fecte
273 903 448 974 contineri
465 904 650 985 credimus,
669 926 780 996 usque
805 904 894 974 adeo
912 914 953 975 ut
970 892 1137 997 quic'quid
1162 907 1200 976 iu

149 1040 194 1087 ea
210 1040 282 1087 non
300 1017 441 1112 legitur,
459 1042 525 1090 nec
543 1021 725 1113 reperitur,
744 1043 810 1090 nec
832 1018 985 1111 denique
1007 1044 1054 1091 ex
1075 1023 1199 1093 eadem

149 1143 213 1204 aut
227 1135 464 1228 consequitur,
475 1144 539 1205 aut
551 1135 814 1216 convincitur,a
830 1136 973 1207 nemine
990 1138 1037 1208 sit
1054 1139 1200 1232 exigen-

149 1249 236 1320 dum
253 1259 297 1320 ut
314 1259 484 1344 tanquam
500 1251 671 1322 articulus
688 1252 769 1322 fidei
787 1244 961 1324 credatur.

232 1480 312 1567 Gap.
331 1502 381 1546 10.
404 1481 556 1568 Suprema
569 1491 611 1546 er
625 1481 659 1546 in
673 1480 795 1547 eccesia
809 1483 982 1567 Scriptura
996 1482 1113 1549 dirime

582 1583 762 1650 authoritas.

198 1703 340 1775 Divinae
374 1704 565 1798 Scripturae
596 1714 696 1777 tanta
726 1707 890 1778 credatur
918 1708 1125 1792 authoritas,
1156 1720 1199 1782 ut

148 1821 248 1893 nulla
273 1831 441 1893 oreaturae
467 1824 620 1917 cujusvis
643 1823 856 1895 excellentia
879 1825 945 1917 ipsi
969 1825 1026 1897 vel
1052 1835 1199 1922 antepo-

149 1939 267 2009 nenda
284 1939 330 2009 sit
347 1938 404 2009 vel
423 1939 603 2032 aequanda.

176 2134 255 2221 (lap.
273 2154 325 2199 11.
347 2133 491 2199 Ecclesia
505 2145 609 2201 eontra
625 2135 805 2219 Scripturas
818 2135 971 2223 nitpoun
980 2136 1170 2233 constituero,

263 2237 367 2323 alipes
376 2248 496 2322 proeler
508 2239 627 2304 eoadem
641 2237 800 2303 obtrudere
814 2238 896 2305 debet
910 2239 1082 2304 necessario

575 2340 764 2408 monadum.

196 2478 440 2565 Quamobrem
462 2503 534 2550 non
558 2479 642 2550 licet
666 2477 833 2551 Ecclesiae
856 2483 1046 2574 quicquam
1065 2485 1196 2554 consti-

146 2605 259 2678 tuere,
277 2597 371 2689 quod
390 2596 498 2666 verbo
517 2594 586 2665 Dei
610 2595 741 2688 scripto
764 2596 982 2685 adversetur,
1000 2621 1116 2692 neque
1133 2624 1196 2693 po·
1310 2646 1319 2664 .

146 2720 218 2782 test
241 2712 292 2782 sic
315 2735 426 2782 unum
443 2711 562 2782 locum
579 2734 757 2803 exponere
781 2721 823 2782 ut
845 2713 947 2784 alteri
965 2716 1194 2786 contradicat.

145 2826 360 2921 Quanquam
377 2851 462 2921 ergo
479 2828 677 2899 divinorum
697 2826 866 2898 libromm
879 2830 981 2901 testis
999 2831 1045 2901 sit
1061 2839 1100 2901 et
1118 2853 1196 2901 eus-

147 2955 202 3016 tos
219 2938 258 3015 et
275 2945 515 3015 conservatrix
533 2943 704 3029 Ecclesia,
722 2943 801 3017 lraec
822 2954 942 3015 tamen
960 2949 1194 3041 praerogativa

145 3063 177 3132 ei
204 3062 352 3132 minime
378 3061 524 3132 concedi
550 3060 668 3142 debet,
695 3071 736 3131 ut
762 3060 975 3132 contrahes
1001 3060 1110 3134 libros
1136 3064 1193 3135 vel

145 3179 334 3271 quicquam
351 3178 529 3262 deeerrfit,
542 3176 600 3248 vel
617 3177 749 3270 absque
766 3177 893 3249 horum
911 3177 1080 3249 librorum
1094 3182 1194 3252 testi-

103 3282 109 3297 '
145 3296 265 3366 monio
294 3294 385 3366 ullos
415 3296 497 3365 fidei
529 3294 695 3366 articulos
726 3296 866 3379 condat,
896 3317 1027 3388 eosque
1060 3296 1192 3391 populo

144 3411 347 3483 Christiano
364 3411 559 3483 credendos
576 3411 755 3483 obtrudat.

216 3642 294 3727 Cep.
313 3661 365 3709 12.
388 3642 445 3706 Ad
457 3641 575 3705 codices
590 3637 756 3705 IIelroieoa
769 3640 804 3703 in
818 3641 914 3704 ueteri
932 3641 1119 3705 Testamenta

352 3744 579 3821 recurrendum,
595 3744 771 3807 acinacen
786 3742 832 3807 ecl
849 3745 981 3809 Grecos.

194 3867 376 3937 Caeterum
402 3866 438 3934 in
464 3863 618 3936 lectione
644 3867 841 3936 divinarum
873 3865 1134 3959 seripturarum
1161 3874 1190 3942 si

144 4006 214 4076 qua
230 3982 445 4054 occurrerint
462 3982 629 4075 ambigua
647 3981 703 4051 vel
721 3982 869 4052 obscura
886 3986 921 4053 in
941 3986 1053 4055 veteri
1070 3985 1192 4055 Testa·

144 4109 277 4184 mento,
294 4120 416 4169 eorum
443 4096 688 4188 interpretatio
712 4119 757 4165 ex
780 4097 879 4168 fonto
898 4097 1083 4170 Hebraicre
1101 4101 1190 4169 veri-

144 4216 228 4287 tatis
251 4224 405 4308 petatur,
431 4214 467 4282 in
493 4235 585 4283 novo
609 4221 731 4282 autem
759 4209 875 4283 Groeci
901 4215 1039 4285 codices
1065 4238 1190 4286 consu·

144 4330 271 4404 lentur.
