2692 4800
481 336 531 387 DE
556 336 777 389 HAERfflIBUS.

402 555 478 643 Gap.
495 558 524 621 6.
548 558 599 621 De
613 557 734 642 Specto
748 567 859 623 condo.

153 678 346 763 Quomodo
367 702 451 750 vero
476 679 552 750 haec
576 681 701 773 putida
724 680 884 751 membra
908 690 991 751 sunt
1017 681 1061 751 ab
1086 680 1155 751 Ec·

102 797 219 868 clesiae
235 820 383 890 corpore
399 798 625 892 segreganda,
636 821 714 890 quae
731 797 776 867 de
790 796 931 868 Christo
944 797 1060 889 capite
1077 805 1151 868 tam

102 936 269 1007 perverse
295 916 464 997 sentiunt,
488 915 538 987 sic
564 913 704 985 illorum
729 916 837 985 etiam
863 923 919 985 est
944 913 1152 985 execrabilis

103 1030 402 1123 impudentiaqm
414 1054 496 1102 cum
508 1029 723 1102 Macedonio
734 1040 857 1102 eontra
870 1031 1042 1124 Spiritum
1054 1054 1153 1102 sauc-

102 1156 181 1217 tum
200 1148 501 1240 conspiraverunt,
518 1146 619 1218 illum
637 1171 700 1240 pro
718 1148 797 1217 Deo
815 1170 885 1217 non
903 1157 1143 1242 agnoscentes.

235 1340 315 1426 Gap.
332 1356 360 1422 7.
384 1341 435 1404 De
442 1349 566 1426 peccato
581 1338 721 1424 eripiatis,
735 1338 826 1405 libero
840 1341 982 1421 arbitrio,
996 1351 1025 1405 et

509 1443 739 1526 justificatione.

155 1560 199 1630 In
227 1558 309 1630 labe
338 1560 475 1652 peccati
505 1582 551 1630 ex
577 1568 657 1629 ortu
685 1568 805 1631 nostro
830 1569 1021 1645 contracta,
1047 1584 1153 1653 quam

104 1678 233 1747 vitium
264 1677 409 1770 originis
437 1675 665 1769 appellamus,
696 1677 848 1769 primum
879 1679 1021 1770 quidem
1053 1677 1155 1749 Pela-

104 1795 304 1887 gianorum,
330 1794 459 1864 deinde
488 1792 597 1862 etiam
627 1794 943 1887 Anabaptistarum
973 1795 1074 1865 nobis
1103 1796 1184 1865 vi·6

105 1910 235 1980 tandus
269 1918 308 1979 et
342 1908 604 1979 submovendus
637 1917 692 1979 est
725 1932 829 1991 error,
860 1933 1008 2003 quorum
1043 1911 1080 1980 in
1110 1933 1154 1981 eo

106 2048 299 2098 cousensus
324 2034 447 2096 contra
472 2026 658 2096 veritatem
686 2048 861 2096 sacrarum
893 2026 1153 2119 Scripturarum

105 2143 286 2235 estquod
309 2151 495 2234 peccatum
519 2140 661 2235 originis
681 2141 718 2211 in
739 2142 881 2211 Adamo
903 2140 977 2211 solo
1000 2141 1155 2227 haeserit,

106 2267 144 2329 et
168 2282 240 2329 non
262 2257 307 2328 ad
332 2267 491 2351 posteros
517 2258 703 2341 transierit,
722 2280 787 2329 nec
812 2257 922 2328 ullam
948 2257 1072 2329 afferat
1094 2281 1154 2329 na·

105 2389 199 2446 turae
233 2382 366 2445 nostrae
400 2375 677 2467 perversitatem,
712 2375 778 2444 nisi
813 2375 908 2466 quod
942 2398 988 2445 ex
1022 2374 1155 2447 Adami

103 2491 237 2563 delicto
259 2491 478 2583 propositum
502 2491 549 2560 sit
572 2490 740 2582 peccandi
767 2490 914 2559 noxium
938 2490 1154 2583 exemplum,

105 2608 202 2701 quod
231 2607 394 2678 homines
427 2608 471 2676 ad
501 2606 651 2677 eandem
680 2606 892 2698 pravitatem
920 2607 1049 2676 invitat
1078 2606 1157 2675 imi-

105 2724 254 2796 tandam
280 2732 319 2795 et
343 2722 590 2816 usurpandam.
644 2720 693 2792 Et
718 2721 882 2793 similiter
906 2722 1007 2793 nobis
1034 2731 1156 2793 contra

105 2842 186 2914 illos
203 2841 500 2936 progrediendum
519 2848 584 2921 est,
598 2841 657 2932 qui
671 2849 812 2911 tantum
829 2840 865 2933 in
884 2839 995 2911 libero
1011 2838 1156 2910 arbitrio

106 2959 241 3030 roboris
271 2966 310 3028 et
340 2980 528 3028 nervorum
557 2964 706 3049 ponunt,
732 2964 774 3026 ut
804 2979 847 3026 eo
877 2955 952 3027 solo
982 2957 1058 3025 sine
1087 2953 1157 3024 alia

105 3074 248 3169 speciali
268 3073 401 3156 Christi
426 3073 540 3166 gratia
562 3080 660 3143 recte
682 3072 727 3143 ab
748 3071 950 3142 hominibus
967 3071 1036 3140 vivi
1055 3093 1156 3162 posse

106 3190 339 3265 constituant.
391 3187 532 3259 Deinde
549 3211 615 3259 nec
633 3188 683 3259 illi
708 3198 791 3260 sunt
811 3188 987 3271 audiendi,
1004 3209 1155 3279 quorum

105 3309 271 3400 impietas
292 3304 483 3377 salutarem
509 3312 547 3374 et
569 3305 612 3375 in·
629 3305 734 3375 sacris
757 3303 948 3396 Scripturis
972 3303 1156 3374 fundatam

99 3421 368 3516 justificationis
397 3429 524 3490 nostrae
554 3420 751 3491 doctrinam
782 3416 992 3514 oppugnat¹‚
1022 3421 1057 3489 in
1088 3442 1158 3511 qua

105 3537 304 3608 tenendum
331 3544 485 3618 estnon
510 3557 656 3627 operum
680 3536 881 3617 momentis,
893 3535 1070 3627 justitiam
1095 3534 1157 3604 ho·

105 3655 245 3724 minum
263 3650 439 3723 collocari.

179 3833 258 3919 Gap.
277 3833 307 3896 8.
332 3832 383 3896 De
400 3833 584 3918 perfectione
596 3830 840 3916 justificatorum,
857 3841 883 3895 et
898 3831 933 3895 dc
947 3830 1086 3916 operibus

493 3933 770 4019 sepneropotionis.

158 4060 310 4131 Illorum
337 4058 446 4127 etiam
472 4057 635 4150 superbia
660 4056 796 4151 legibus
826 4058 954 4128 nostris
980 4066 1035 4127 est
1065 4056 1157 4127 fran-

106 4176 235 4272 genda,
253 4175 315 4268 qui
338 4183 474 4244 tantam
494 4175 574 4244 vitae
596 4173 849 4266 perfectionem
866 4174 1068 4244 hominibus
1082 4175 1157 4267 jus-

534 4345 545 4391 l
561 4354 734 4425 oppugnent.
