2692 4800
144 270 216 343 272
457 284 507 335 na
531 282 876 335 urrraunrroursus.
1195 286 1241 337 cr

142 451 182 511 et
218 437 533 510 obtrectationibus
573 437 677 531 plene
717 440 932 530 constiterit)
975 440 1187 513 damnentur

144 556 320 627 sententia
341 555 504 650 judicum
533 554 577 625 ad
608 553 685 624 illas
714 555 943 647 pecuniarum
973 578 1131 631 summas
1153 559 1187 629 in

145 674 249 744 cistas
276 695 470 764 pauperum
496 671 742 754 infundendas,
759 695 837 764 quae
860 695 1004 745 suarum
1028 675 1188 747 ecclesia-

145 814 223 860 rum
247 792 398 883 propriae
423 799 515 872 sunt,
540 810 626 882 quas
651 786 792 859 illorum
817 812 902 882 opes
927 794 1118 866 commode
1142 796 1189 865 vi-

144 907 324 978 debuntur
349 908 439 979 ferre
464 929 589 999 posae3
615 915 652 977 et
677 906 786 976 etiarn
812 908 1189 981 excommunicationis

144 1046 248 1116 poena
274 1023 485 1116 plectantur,
512 1045 534 1092 a
561 1044 631 1114 qua
660 1021 758 1092 nulio
785 1023 891 1093 modo
922 1025 1089 1097 volumus
1113 1026 1190 1098 illos

145 1140 293 1223 liberari,
324 1142 436 1211 donec
469 1138 640 1209 arbitratu
669 1138 800 1229 judicis
832 1138 1063 1214 ecclesiastici
1093 1143 1190 1215 satis-

145 1257 279 1327 factum
296 1266 350 1327 est
368 1255 431 1338 ilii,
448 1254 505 1325 cui
529 1255 657 1347 injuria
674 1253 767 1323 facta
784 1264 847 1337 est,
865 1265 904 1327 et
920 1258 1033 1329 etiam
1051 1282 1094 1331 ea
1115 1284 1190 1354 per·

145 1371 257 1442 functi
283 1373 353 1443 sint
378 1371 596 1465 poenitentia,
618 1392 695 1462 quae
718 1378 818 1440 tanto
841 1372 979 1442 crimini
1002 1375 1190 1446 convenire

144 1486 331 1559 videbitur.

209 1696 285 1782 Cap.
298 1717 329 1784 3.
362 1695 423 1776 Qui
430 1692 564 1781 probant
577 1695 691 1759 crimen
705 1693 856 1778 oby‘ectam,
870 1697 1127 1781 conpatiuntur.

192 1842 369 1927 Quoniam
395 1841 594 1934 reipublicae
620 1840 848 1911 vehementer
871 1842 1032 1927 interest,
1056 1856 1098 1915 ut
1126 1848 1189 1916 cri·

144 1959 240 2029 mina
260 1957 439 2051 suppliciis
462 1966 698 2038 coerceantur,
716 1965 755 2026 et
777 1955 833 2028 ut¹
857 1980 921 2029 sue
942 1961 1074 2053 cuique
1093 1962 1189 2055 justa

144 2075 301 2147 defensio
324 2083 529 2159 reservetur,
548 2075 806 2159 constituimus,
825 2085 866 2146 ut
882 2077 912 2147 si
935 2079 1014 2169 quis
1034 2078 1187 2172 aliquem

144 2217 244 2264 reum
270 2194 393 2264 fecerit
418 2194 649 2273 accusatione,
674 2192 955 2277 denunciatione,
982 2194 1038 2265 vel
1063 2218 1190 2290 excep·

144 2311 254 2394 tione,
283 2309 339 2382 vel
369 2309 438 2382 alia
470 2332 680 2403 quacunque
708 2310 844 2379 ratione
874 2308 1036 2404 legitima
1065 2322 1104 2385 et
1136 2336 1190 2385 ao·

144 2426 250 2510 lenni,
261 2428 445 2521 judicique
471 2427 624 2498 criminis
648 2425 777 2518 objecti
801 2426 907 2498 fidem
932 2429 1067 2514 fecerit,
1088 2430 1188 2501 illum

144 2546 324 2636 (quoniam
355 2568 424 2614 non
459 2543 681 2623 calumniam,
711 2543 772 2612 sed
803 2544 988 2614 veritatem
1018 2555 1190 2638 sequutus

144 2663 205 2755 sit)
240 2661 355 2733 omni²
389 2661 477 2756 legis
506 2661 606 2731 istius
640 2682 743 2751 poena
777 2658 913 2730 libcrari
948 2661 1090 2733 debere.
1150 2663 1187 2734 Si

145 2802 228 2849 vero
263 2781 323 2871 qui
357 2778 571 2849 accusaverit
605 2776 713 2847 fuerit
746 2798 850 2846 causa
878 2777 1047 2869 dejectus,
1079 2781 1190 2872 poenis

145 2897 233 2991 legis
259 2905 430 2977 tencatur,
452 2895 518 2965 nisi
545 2895 653 2986 possit
678 2894 988 2985 ostenderequod
1014 2919 1086 2967 non
1111 2921 1190 2992 pro-

145 3016 259 3106 posito
284 3011 376 3082 male
402 3012 550 3094 dicendi,
568 3033 634 3081 nec
657 3010 891 3081 calumniandi
914 3011 1109 3099 voluntate,
1127 3017 1187 3086 sed

145 3129 263 3222 aliqua
287 3129 386 3220 justa
416 3128 550 3198 ratione
585 3127 692 3198 fuerit
722 3126 765 3196 ad
798 3126 863 3197 hoc
894 3127 1098 3200 institutum
1128 3131 1187 3200 ad·

145 3246 284 3316 ductus.

389 3393 397 3432 ¹
414 3402 445 3451 ut
458 3413 509 3452 om.
784 3395 797 3433 ²
810 3395 943 3451 omnium.
