2692 4800
144 249 192 313 52
520 261 802 314 pernumerem
1205 262 1265 340 cp

143 415 360 486 authoritate
377 415 517 508 propria
533 421 725 495 removeat,
743 421 781 484 et
797 411 903 485 aliam
922 412 1108 499 adsciscet,
1125 416 1188 489 nisi

143 533 252 603 iudex
275 530 533 603 ecclesiasticus
558 541 672 602 totam
689 550 830 601 caueam
846 530 915 603 rito
938 532 1039 624 priua
1062 555 1190 629 cogno-

144 648 235 719 verit
255 657 292 718 et
309 647 518 718 definiverit.
571 639 676 731 Quod
699 645 728 717 ei
751 645 868 718 facere
889 648 1066 742 quispiam
1087 671 1190 723 anem

144 764 261 845 fuerit,
272 763 333 856 juo
355 784 462 834 omne
483 762 609 856 agendi
635 762 802 834 adversus
824 763 1015 859 conjugem
1038 765 1191 839 amittat.

143 878 266 952 Judex
298 889 428 961 autem,
452 879 591 972 quoties
625 877 778 950 alterurn
808 881 997 976 conjugem
1026 882 1192 955 adulterii

144 997 369 1079 condemnat,
398 994 501 1067 alteri
535 995 678 1066 sincerae
709 1019 866 1089 personae
899 997 1105 1071 libertatem
1134 999 1193 1072 de-

144 1114 312 1184 nunciare
336 1113 444 1184 debet
469 1111 658 1182 adnovum
680 1112 946 1184 matrimonium
964 1116 1192 1200 transeundi3

145 1252 227 1301 cunr
245 1230 311 1300 hac
328 1238 448 1300 tamen
466 1228 686 1321 exceptione,
704 1236 841 1298 certum
859 1237 902 1299 nt
922 1238 1066 1324 tempus
1088 1232 1194 1327 aeeig·

145 1357 219 1430 net,
236 1347 273 1416 in
290 1370 360 1440 quo
386 1346 601 1438 superiorem
625 1344 669 1415 ad
690 1346 880 1440 conjugem
899 1346 942 1439 (ei
959 1345 1063 1442 velit)
1081 1349 1194 1421 redire

144 1464 269 1557 possit3
290 1462 383 1555 quod
401 1462 430 1532 si
448 1471 608 1553 ternpore
618 1461 696 1553 jam
713 1461 900 1556 absumpto
913 1471 1056 1535 recuset
1068 1464 1195 1547 fecere,

147 1588 224 1649 tum
247 1578 292 1649 ad
316 1577 411 1648 alind
435 1575 700 1647 matrimonium
725 1575 938 1649 descendero
963 1587 1095 1671 potest.
1149 1577 1197 1650 Et

145 1694 215 1766 hoc
236 1703 376 1787 tempus
393 1692 489 1786 quod
505 1693 620 1785 judex
644 1690 851 1785 indulgebit,
869 1694 1014 1766 omnino
1031 1694 1197 1767 volumus

147 1811 229 1881 anni
247 1809 361 1903 spatio
379 1809 435 1880 vel
452 1831 515 1880 sex
531 1807 711 1879 mensibus
729 1806 876 1879 definiri.

207 2054 284 2141 Gap.
300 2056 330 2119 8.
357 2056 535 2122 Diooniom
543 2063 673 2140 propter
687 2055 841 2121 dmcrtum
856 2056 1100 2124 matrimonium.

201 2175 295 2245 Cum
311 2174 403 2247 alter
426 2199 472 2248 ex
496 2177 705 2271 conjugibus
728 2178 917 2272 aufugerit,
934 2202 1044 2273 oeque
1066 2181 1198 2255 abalie-

150 2293 242 2363 narit
262 2293 307 2362 ab
325 2292 448 2374 altero,
464 2294 493 2363 si
510 2315 657 2385 persona
674 2293 799 2366 absens
816 2296 925 2388 possit
941 2296 1104 2384 inveniri,
1116 2323 1199 2371 con·

149 2406 245 2489 siliis,
259 2407 528 2492 hortationibus,
543 2419 581 2479 et
598 2411 710 2502 poenio
726 2421 874 2505 cogatur
890 2420 932 2483 ut
948 2413 993 2484 ad
1010 2416 1199 2510 conjugem

150 2545 188 2593 se
210 2544 328 2593 rursus
351 2524 532 2617 adjungat,
550 2533 589 2594 et
608 2547 678 2595 una
700 2547 782 2595 cum
799 2525 862 2596 illo
879 2529 1134 2600 convenienter
1150 2529 1200 2600 vi·

152 2646 222 2708 vat.
249 2636 364 2721 Quam
380 2639 510 2709 adrem
525 2640 553 2709 si
572 2640 669 2710 nulla
683 2642 820 2712 ratione
830 2651 949 2734 potest
965 2642 1107 2731 adduci,
1117 2667 1199 2716 con·

151 2764 277 2825 tumax
294 2756 331 2824 in
349 2776 393 2824 eo
413 2778 562 2847 persona
583 2756 691 2827 debet
712 2758 835 2850 accipi,
853 2757 1044 2852 legumque
1066 2762 1199 2833 divina-

151 2893 231 2940 rum
248 2880 286 2941 et
311 2870 544 2943 humanarum
564 2875 827 2967 contemptrix:
854 2884 891 2946 et
913 2885 1101 2969 propterea
1123 2901 1199 2972 per-

151 2995 272 3081 petuae
289 2989 438 3058 carceris
461 2991 628 3060 custodiae
652 2991 811 3072 dedatur,
829 3001 868 3061 et
890 2990 1029 3063 deserta
1051 3016 1199 3088 persona

152 3125 321 3173 novarum
342 3113 556 3196 potestatem
578 3107 780 3199 nuptiarum
806 3106 852 3177 ab
881 3107 1120 3182 ecclesiastico
1143 3111 1200 3205 ju·

153 3220 231 3290 dice
249 3228 376 3290 sumet.
418 3221 511 3291 Cum
529 3233 649 3292 autem
667 3223 839 3316 conjunx¹
860 3247 931 3295 non
948 3225 1059 3317 possit
1075 3225 1200 3300 absens

153 3335 357 3429 investigari
382 3358 448 3406 nec
472 3338 557 3419 erui,
575 3335 641 3407 ne²
664 3337 761 3409 locus
783 3337 877 3408 ullus
900 3340 937 3409 in
961 3339 1030 3411 hoc
1055 3344 1201 3415 crimine

155 3452 290 3524 levitati
327 3453 383 3524 vel
410 3455 602 3524 temeritati
628 3453 856 3546 relinquatur,
887 3457 1041 3549 primum
1079 3462 1201 3534 aboen-

154 3581 229 3642 tem
253 3593 437 3664 personum
461 3572 669 3642 nominatim
691 3572 819 3663 requiri
844 3572 1007 3644 volumus
1029 3573 1092 3648 illa
1114 3579 1201 3673 juris

155 3684 316 3769 formula,
335 3708 440 3778 quarn
459 3686 524 3756 uiis
545 3694 582 3756 et
600 3687 713 3757 modis
731 3686 930 3780 appellant-;
955 3711 1026 3780 quo
1043 3700 1201 3789 tempore

156 3802 185 3874 ei
203 3822 241 3873 ee
258 3826 328 3872 uon
346 3802 541 3873 ostenderit
558 3811 620 3872 aut
638 3803 713 3894 ejus
735 3802 860 3895 aliquis
879 3805 1026 3877 vicarius
1044 3811 1105 3901 qui
1124 3836 1201 3884 can·

157 3942 232 3990 sam
258 3920 333 4010 ejus
359 3918 445 3989 velit
468 3942 584 4011 agere,
601 3920 715 4011 judex
742 3918 793 3989 illi
815 3920 997 3991 biennium
1017 3924 1075 3994 vel
1099 3929 1202 4000 trien·

284 4110 290 4147 ¹
308 4118 471 4166 contumax.
995 4109 1084 4172 ²nec.
