2692 4800
170 273 241 339 114
420 288 469 339 nn
484 287 734 340 necassrrsun
751 286 963 339 arnnmnrs

161 463 203 512 ac
232 441 309 512 aliis
338 441 566 533 temporibus,
597 441 627 510 si
657 440 847 510 necessitas
879 436 1128 532 postulaverit,
1151 462 1210 532 per

159 558 345 651 gardianos
368 557 563 649 praedictos,
583 555 628 626 de
650 552 796 626 consilio
819 555 978 637 rectoris,
998 554 1135 639 vieaffi,
1155 555 1209 627 vel

160 672 313 764 parochi,
331 681 369 742 et
389 671 538 742 aliorum
561 681 712 763 quatuor
733 693 780 740 ex
803 669 1016 762 primoribus
1038 669 1209 763 parochiae

159 810 224 880 per
249 810 309 859 eos
334 788 378 859 ad
404 784 491 857 hcc¹
518 787 766 868 vocandarum,
789 787 885 857 inter
908 808 1083 879 pauperes
1108 809 1208 880 paro·

160 903 250 975 chiae
268 915 330 975 aut
347 905 384 974 in
401 903 487 974 alios
504 904 580 996 pios
597 926 691 986 usus,
710 911 815 995 prout
832 903 1024 975 necessitas
1040 903 1208 995 postulat,

159 1019 311 1090 fideliter
333 1020 572 1090 distribuatur.
625 1018 794 1090 Gardiani
818 1020 863 1089 ad
883 1018 1141 1091 ordinariorum
1161 1021 1208 1091 ri·

158 1135 350 1217 citationes,
370 1136 529 1230 synodos
548 1146 586 1206 et
603 1133 760 1227 capitula
775 1135 902 1218 vocati,
919 1143 962 1204 nt
983 1156 1131 1205 suarum
1151 1135 1209 1207 ad·

158 1251 457 1322 ministrationum
483 1252 656 1321 rationem
682 1250 842 1331 reddant,
868 1251 898 1321 si
921 1272 1068 1325 neccsse
1090 1251 1207 1332 fuerit,

158 1377 196 1437 et
222 1376 369 1460 peccata
392 1369 427 1438 in
450 1366 623 1460 parochiis
650 1367 687 1436 in
710 1366 839 1459 quibus
862 1365 999 1459 degunt
1021 1370 1208 1441 commissa

157 1484 321 1567 referant,
339 1507 403 1576 per
419 1506 457 1555 se
474 1485 566 1577 ipsos
584 1505 787 1576 comparare
804 1505 875 1553 non
893 1483 1110 1554 detrectent.

207 1599 246 1670 Si
277 1623 360 1671 vero
389 1601 547 1694 gardiani
577 1602 614 1671 in
646 1599 893 1670 denuntiandis
918 1599 974 1669 vel
1005 1602 1207 1693 reparandis

158 1717 353 1809 praemissis,
382 1717 438 1787 vel
468 1719 505 1787 in
532 1715 708 1808 aliquibus
738 1715 815 1786 aliis
846 1715 1018 1787 faciendis
1052 1740 1136 1809 quae
1164 1719 1208 1789 ad

157 1833 312 1925 ipsorum
336 1832 490 1902 officium
518 1833 740 1925 spectabunt,
762 1831 983 1925 negligentes
1008 1834 1205 1919 extiterint,

156 1958 194 2019 et
211 1948 277 2020 loci
301 1949 475 2019 ordinario
498 1972 561 2041 per
583 1949 667 2019 facti
692 1948 919 2032 evidentiam,
938 1947 1071 2019 famam
1093 1949 1208 2042 publi·

156 2089 244 2149 cam,
271 2066 328 2136 vel
357 2064 507 2157 alicujus
536 2065 607 2136 lide
632 2066 729 2159 digni
760 2065 969 2135 relationem
995 2068 1206 2149 constiterit

155 2180 287 2273 aliquid
317 2183 353 2251 in
384 2181 548 2275 parochia
577 2182 824 2276 corrigendum
854 2203 932 2251 esse
965 2190 1030 2251 aut
1060 2181 1208 2254 reform·

154 2299 298 2381 andum,
329 2299 365 2369 id
397 2298 592 2387 (mulctatis
621 2306 705 2368 ante
737 2299 856 2369 omnia
885 2296 1064 2391 gardianis
1097 2299 1207 2395 negli-

154 2415 319 2506 gentibus
344 2436 449 2506 poena
475 2413 688 2505 pecuniaria,
713 2413 885 2485 arbitratu
917 2436 982 2484 suo
1011 2435 1207 2507 pauperum

156 2532 255 2600 cistae
276 2531 452 2623 parochiae
473 2530 570 2602 illius
586 2530 831 2623 persolvenda)
849 2530 1050 2631 ordinarius
1062 2531 1139 2624 ipse
1155 2554 1207 2602 ra·

155 2647 253 2717 tione
281 2647 336 2716 sui
365 2646 479 2729 officii,
497 2644 583 2717 licet
606 2645 748 2717 anullo
770 2648 970 2742 instigetur,
989 2649 1018 2717 si
1043 2646 1204 2730 voluerit,

155 2764 328 2856 corrigere
349 2773 386 2833 et
402 2763 592 2833 reformare
610 2765 752 2855 poterit.

205 2879 249 2949 In
275 2878 418 2972 capellis
443 2902 525 2950 vero
551 2880 645 2949 ultra
671 2903 780 2950 unum
806 2878 957 2950 milliare
981 2877 1028 2947 ab
1058 2878 1205 2950 ecclesia

154 2995 343 3089 parochiali
374 2995 599 3078 distantibus,
624 2998 749 3066 eodem
780 2995 887 3067 modo
917 3003 955 3065 et
984 2995 1102 3066 forma
1128 3019 1205 3090 gar·

154 3113 276 3182 dianos
296 3111 380 3205 eligi
403 3120 440 3181 et
461 3113 571 3183 creari
590 3111 753 3182 volumus
774 3121 882 3204 atque
902 3110 944 3182 fit
966 3111 1004 3180 in
1020 3112 1203 3204 parochiis,

153 3251 344 3321 paremque
374 3250 436 3319 per
466 3230 584 3298 omnia
614 3236 829 3321 potestatem
860 3249 1027 3298 exercere
1053 3228 1203 3315 valeant,

153 3354 190 3414 et
216 3344 327 3436 poenis
354 3342 527 3414 similibus
558 3343 801 3436 subjacebunt.
857 3340 1021 3435 Capellae
1046 3366 1131 3414 vero
1158 3344 1202 3414 ab

153 3459 309 3531 ecclesiis
331 3459 588 3551 parochialibus
612 3459 705 3529 ultra
728 3482 841 3529 unum
863 3457 1013 3529 milliare
1034 3482 1109 3530 non
1136 3461 1202 3531 dis·

152 3584 270 3647 tantes
297 3574 378 3663 (nisi
407 3574 532 3645 incola
563 3598 626 3666 per
653 3575 918 3646 inundationem
950 3597 1121 3667 aquarum
1148 3599 1201 3647 ec-

153 3692 295 3763 clesiam
325 3690 561 3784 parochialem
592 3690 775 3762 multoties
809 3691 906 3761 adire
940 3713 1012 3761 non
1046 3692 1200 3784 valeant)

153 3811 293 3901 penitus
328 3808 483 3879 sublatas
513 3831 589 3879 esse
623 3807 796 3890 volumus,
827 3817 864 3878 et
894 3809 938 3878 ad
974 3808 1199 3881 ecclesiarum

152 3925 404 4017 parochialium
422 3947 525 3996 usum
544 3926 663 3996 omnia
679 3921 839 3996 illarum²
856 3925 949 3995 bona
966 3928 1138 3997 converti.

397 4136 404 4174 ¹
421 4139 490 4195 haec.
809 4145 821 4182 2
834 4141 954 4196 illorum.
