2692 4800
497 304 649 356 ounruu
674 304 850 356 rumcnrr.
1126 294 1198 359 205

139 459 427 554 jurisdictionem
451 481 522 529 non
547 458 688 542 habere,
707 460 817 552 ipsam
836 459 944 530 etiam
963 460 1009 531 de
1027 483 1198 534 consensu

146 577 299 670 partium
318 598 389 646 non
407 582 611 647 reassumat.

195 690 471 786 Subdelegatus,
481 698 667 784 postquam
685 691 794 783 coepit
811 712 953 761 causam
971 714 1198 786 cognoscere,

145 829 215 877 non
233 813 355 900 potest
371 828 435 900 per
447 805 672 901 delegantem
689 807 872 876 removeri.
899 804 1064 879 Vicarius
1077 819 1198 881 autem

145 921 303 1015 episcopi
320 921 490 991 removeri
508 928 639 1013 potest,
656 921 938 1012 quandocunque
955 921 1108 994 voluerit
1125 925 1200 1018 epi-

146 1059 284 1131 seopus,
308 1038 483 1131 quianon
504 1045 559 1107 est
581 1036 657 1127 ejus
683 1035 877 1130 delegatus.
937 1036 1198 1135 Subdelegatus

146 1153 321 1226 inferioris
338 1176 361 1224 a
376 1153 534 1246 principe
550 1151 705 1244 aliquem
727 1152 915 1223 articulum
939 1177 1056 1226 causae
1079 1165 1198 1249 potest

146 1271 388 1365 subdelegato,
406 1277 445 1341 et
461 1278 581 1339 actum
599 1267 657 1362 (ut
677 1267 872 1361 appellant)
891 1293 960 1339 non
980 1272 1198 1363 jurisdictio-

147 1386 265 1459 nalem
273 1391 297 1470 ¹,
314 1385 613 1479 quemadmodum
631 1393 685 1456 est
703 1385 837 1467 citatio,
855 1395 892 1457 et
909 1387 1047 1458 similia.

196 1500 314 1572 Causa
338 1508 457 1592 potest
479 1499 583 1570 alicui
606 1498 762 1592 delegari
787 1500 856 1570 hoc
881 1501 1125 1584 mandatque
1151 1504 1196 1575 ad

148 1617 223 1710 ejus
257 1616 471 1687 decisionem
507 1616 728 1707 procedatur,
759 1616 824 1686 nisi
859 1616 1018 1688 adhibito
1052 1618 1198 1689 consilio

149 1731 205 1802 vel
226 1730 433 1824 delegantis,
451 1729 508 1800 vel
534 1731 704 1800 nominati
730 1729 880 1822 alicujus
905 1733 1089 1825 prudentis
1107 1733 1196 1819 viri;

149 1846 244 1940 quod
254 1846 285 1916 si
295 1845 367 1929 fiat,
379 1845 614 1916 necessarium
626 1846 691 1916 erit
703 1845 983 1940 subdelegatnm‚
994 1848 1197 1942 prinsquam

148 1963 363 2035 sententiam
380 1960 482 2044 ferat,
500 1959 683 2030 consilium
701 1962 824 2032 audire
841 1963 950 2054 juxta
966 1964 1197 2035 mandatnmr

148 2100 219 2148 non
253 2086 374 2147 tamen
405 2084 554 2169 cogetur
579 2076 687 2167 juxta
720 2076 809 2147 illud
845 2079 936 2149 ferre
970 2080 1196 2151 sententiam.

149 2191 293 2265 Posset²
317 2192 413 2264 enim
436 2193 521 2275 lieri,
539 2201 580 2263 ut
600 2202 694 2264 esset
720 2193 903 2285 injustum,
921 2203 959 2265 et
982 2197 1194 2266 contrarium

148 2309 261 2380 ordini
273 2309 387 2401 juris;
413 2317 451 2380 et
472 2305 670 2379 sententia³
695 2317 772 2378 turn
799 2311 994 2381 secundum
1018 2314 1198 2385 conscien-

148 2426 234 2498 tiam
253 2435 332 2497 tum
350 2427 545 2497 secundum
555 2427 640 2519 jura
656 2427 803 2497 ferenda
820 2437 885 2498 eat.
1206 2441 1247 2526 93

197 2540 268 2624 Illi,
298 2543 355 2612 cui
389 2543 615 2612 commissum
650 2543 758 2613 fuerit
792 2545 1110 2628 excommunicare,
1139 2547 1195 2619 vel

149 2656 332 2729 absolvere
355 2657 502 2750 aliquos,
519 2657 575 2730 vel
601 2682 663 2752 pro
681 2657 819 2732 delictis
836 2662 1062 2753 poenitentias
1082 2665 1197 2756 injun-

147 2796 242 2868 gere,
260 2773 366 2845 liceat
388 2774 455 2845 hoc
478 2774 715 2858 demandare3
742 2777 824 2868 quia
848 2799 919 2846 non
945 2777 1011 2848 sibi
1032 2779 1196 2870 jurisdic-

149 2889 211 2973 tio,
228 2889 290 2960 sed
312 2898 447 2959 certum
472 2889 706 2960 ministerium
733 2891 851 2984 potius
874 2893 1131 2964 committitur:
1158 2905 1195 2966 et

147 3012 268 3074 tamen
294 3005 602 3074 excommunicare
627 3013 746 3098 potest
772 3007 1005 3100 impedientes
1028 3030 1110 3079 eum
1132 3034 1194 3081 ex-

147 3115 267 3191 ercere
292 3140 396 3189 auum
422 3119 659 3190 ministerium
682 3121 893 3212 injunctum,
911 3146 956 3193 ne
978 3123 1133 3197 illusoria
1157 3138 1195 3198 et

148 3236 223 3308 aine
240 3236 342 3307 exitu
361 3243 455 3306 esset
473 3234 553 3306 talis
571 3236 781 3307 commissio.

196 3351 232 3420 A
260 3350 424 3446 delegato
453 3351 497 3422 ad
525 3350 749 3446 delegantem
775 3353 942 3447 appellari
969 3357 1099 3430 debere
1125 3384 1195 3432 non

147 3465 348 3560 ambigitur.
413 3465 478 3537 Est
512 3476 694 3560 receptum
728 3478 770 3538 ut
803 3469 831 3539 si
867 3470 964 3563 quis⁴
993 3474 1105 3566 major
1138 3475 1195 3547 vel

147 3580 290 3675 aqualis
320 3582 484 3674 subjiciat
511 3603 548 3651 se
572 3582 809 3673 jurisdictioni
840 3583 995 3670 alterius,
1021 3589 1131 3680 possit
1157 3598 1196 3660 et

146 3719 211 3789 pro
228 3719 273 3767 eo
290 3705 328 3766 st
344 3695 512 3767 adversus
529 3719 612 3766 eum
623 3697 684 3789 jus
702 3698 780 3769 dici.

353 3855 360 3895 ¹
373 3859 609 3935 jurisdictionem.
837 3858 960 3939 'possit

349 3953 555 4017 8ιειιῐοιιῐίιιιιι.
834 3953 847 3992 ⁴
860 3961 922 4036 quis
936 3980 986 4018 om.
