2692 4800
351 304 436 356 arna
460 303 710 357 omnumons
735 303 998 357 consannnms.
1152 289 1199 360 87

151 481 236 550 quos
256 457 394 552 aliquid
421 460 459 529 in
483 458 551 530 boc
574 460 719 553 negotio
746 459 860 529 credit
884 456 1093 552 intelligere,
1115 454 1200 528 nec¹

151 574 230 646 solis
259 575 476 669 juramentis
505 575 700 646 ordinarius
730 574 792 645 sed
825 572 902 645 aliis
937 572 1101 645 omnibus
1135 574 1202 644 viis

152 692 258 764 rectis
280 700 320 763 et
343 692 512 787 legitimis
534 693 721 763 veritatem
738 689 806 761 hac
827 690 865 760 in
881 712 919 760 re
940 698 1182 783 persequatur.

164 913 241 1000 (lap.
252 934 286 999 5.
312 912 501 979 ordinarius
514 934 551 976 ec
559 908 768 999 probabilibus
782 909 960 996 conjectatio
968 910 1187 996 purgationem

199 1151 339 1235 Quum
354 1150 549 1222 ordinarius
580 1151 626 1222 ad
659 1150 801 1244 plenam
831 1158 870 1220 ct
898 1149 1091 1242 perfectam
1122 1175 1202 1246 pro-

151 1265 333 1338 bationem
357 1267 598 1337 ministrorum
624 1274 809 1358 pactorum
834 1267 1019 1358 pervenire
1043 1290 1115 1339 non
1139 1291 1202 1363 po·

151 1393 232 1468 test,
250 1392 290 1455 et
313 1392 436 1455 nmen
461 1405 508 1454 ex
532 1384 668 1478 negotii
691 1403 876 1477 progressu
899 1381 957 1454 vel
979 1384 1055 1476 ipse
1078 1406 1143 1478 per
1163 1406 1201 1456 sc

151 1499 382 1594 probabiliter
406 1501 603 1593 suspicatur
629 1498 691 1570 illa
719 1499 873 1581 subesse,
901 1496 958 1569 vel
988 1499 1025 1569 id
1050 1523 1096 1571 ex
1126 1523 1202 1574 cre·

151 1616 321 1689 dibilibus
353 1615 503 1686 aliorum
538 1616 759 1687 sermonibus
792 1616 980 1708 conjectat,
1014 1639 1199 1710 personam

149 1758 188 1807 se
218 1733 429 1819 offerentem
458 1756 530 1805 non
559 1733 737 1814 admittat,
764 1733 878 1804 donec
903 1755 1080 1804 canonum
1109 1757 1200 1829 proe·

149 1849 290 1944 scriptis
313 1871 352 1920 se
376 1850 445 1920 rite
468 1849 743 1944 perpurgaverit.
1091 1834 1097 1845 ’

346 2061 424 2146 (lcp.
435 2063 467 2125 6.
497 2061 598 2127 Pcaac
606 2061 828 2148 paeconiam
842 2060 943 2148 qualis
956 2061 1006 2128 ait.

199 2199 410 2272 Ordinarins
432 2201 461 2270 si
487 2208 585 2271 certo
610 2200 816 2294 cognoverit
842 2199 916 2270 nlla
940 2201 1078 2272 ratione
1103 2202 1199 2295 qnod

148 2319 336 2416 quisquam
370 2315 427 2388 vel
461 2316 672 2389 beneficium
707 2315 764 2388 vel
803 2340 1052 2410 quamcunque
1085 2318 1200 2414 digni-

148 2443 264 2507 tatem
294 2432 568 2506 ecclesiasticam
598 2433 726 2526 iniquis
755 2433 1071 2527 pollicitationibus
1097 2435 1200 2509 rede-

148 2550 268 2634 merit,
294 2551 450 2642 primum
481 2549 644 2620 evocabit
673 2549 719 2620 ad
746 2572 784 2621 se
813 2559 889 2622 tam
910 2558 1108 2648 patronum
1136 2562 1200 2624 ant

147 2667 289 2760 patroni
311 2667 493 2751 vicarium,
511 2688 617 2760 qnam
641 2665 757 2758 ipsum
781 2667 841 2759 qui
868 2664 925 2737 vel
946 2667 1120 2740 beneficio
1141 2667 1199 2741 vel

148 2783 324 2878 dignitate
349 2782 396 2854 sit
419 2783 570 2854 donatus
597 2781 857 2854 ecclesiastica:
892 2782 1030 2867 deinde,
1052 2807 1136 2856 cnm
1156 2785 1200 2857 il·

148 2899 265 2971 lorum
284 2908 520 2970 mercaturam
543 2899 740 2971 manifestis
765 2901 983 2995 argumentis
1001 2903 1199 2997 coarguerit

147 3028 186 3087 ct
210 3015 416 3099 convicerit,
439 3038 624 3108 personam
650 3015 818 3087 donatam
844 3016 1016 3089 beneficio
1039 3018 1096 3090 vel
1122 3018 1198 3114 dig-

147 3132 262 3202 nitate
288 3130 412 3203 statim
437 3130 482 3201 ds
508 3129 586 3202 loco
616 3130 780 3225 dejiciat²
809 3133 854 3205 ad
885 3157 993 3227 quem
1018 3135 1130 3208 deviis
1159 3145 1198 3208 st

147 3248 320 3342 perversis
349 3246 536 3318 itineribus
564 3248 779 3343 obrepserat,
810 3251 977 3343 quoniam
1006 3275 1119 3346 quum
1152 3253 1199 3324 si-

146 3366 275 3436 moniae
301 3364 417 3436 labem
440 3364 478 3435 in
502 3385 540 3435 se
565 3369 777 3461 conceperit,
794 3368 832 3438 in
857 3369 963 3440 sacris
988 3369 1095 3441 rebus
1118 3392 1199 3464 pte·

146 3482 239 3552 tium
269 3481 509 3573 interponens,
536 3503 607 3550 non
641 3481 757 3553 solum
786 3491 960 3575 praesente
994 3483 1197 3556 conditione

145 3618 209 3689 per
230 3594 346 3667 scelus
368 3604 542 3688 occupata
564 3618 683 3669 carere
707 3596 825 3681 debet,
846 3597 909 3668 sed
930 3597 1041 3668 etiam
1064 3594 1196 3667 nullius

144 3733 192 3781 ex
215 3718 376 3803 tempore
399 3708 461 3782 illo
485 3710 647 3782 beneficii
674 3711 731 3784 vel
754 3710 939 3808 dignitatis
961 3710 1017 3784 vel
1039 3709 1197 3782 muneris

144 3825 373 3900 ecclesiastici
396 3820 571 3921 particeps
594 3830 672 3899 erit.

423 4055 430 4095 ¹
447 4077 491 4116 ne.
778 4059 909 4134 ²ejiciat.
