2692 4800
160 283 231 348 132
492 299 541 349 na
558 297 859 353 v1s1rar1onnsus.

416 887 485 959 DE
512 887 944 961 VISITATIONIBUS.

359 1099 437 1185 Oap.
453 1121 480 1164 1.
506 1101 574 1165 Car
587 1098 717 1165 ecobsioe
729 1098 894 1164 motando
907 1099 999 1165 anta

203 1227 482 1324 Archiepisoopi‚
509 1230 676 1324 episcopi,
700 1230 947 1316 archidiaconi,
972 1232 1124 1325 denique
1146 1254 1188 1302 re·

152 1344 238 1440 liqui
265 1370 414 1440 quorum
440 1349 598 1430 interest,
619 1356 657 1418 et
681 1348 740 1440 qui
761 1347 822 1439 jus
848 1346 1126 1419 ecclesiasticum
1149 1347 1191 1420 di·

151 1482 233 1532 cere
259 1471 418 1553 possunt,
436 1460 601 1533 eeclesias
626 1485 706 1533 suas
732 1463 878 1533 visitent
904 1472 942 1533 et
968 1464 1192 1547 considerent,

151 1586 189 1648 et
214 1577 389 1649 solemnes
414 1600 456 1649 ao
485 1579 652 1649 usitatos⁹
678 1580 714 1648 in
742 1577 813 1649 illis
840 1587 954 1650 coetus
981 1580 1019 1649 in
1043 1589 1194 1675 tempore

151 1693 342 1773 eelebrent,
360 1702 402 1764 ut
425 1693 575 1786 populus
598 1693 739 1764 illomm
765 1717 857 1764 curae
879 1696 1089 1767 commissus
1111 1697 1194 1768 salu·

150 1809 261 1881 briter
286 1832 308 1879 a
334 1810 531 1902 pastoribus
557 1819 594 1881 et
620 1811 742 1881 ordine
767 1809 995 1904 gubernetur,
1019 1820 1057 1883 et
1082 1822 1125 1885 ut
1147 1821 1236 1905 trs-63

150 1925 260 1996 siduis
284 1949 326 1996 ac
351 1927 417 2019 piis
442 1927 683 1997 ministrorum
709 1926 832 1998 officiis
856 1927 1087 2001 eeclesiarum
1111 1931 1198 2024 ipsa-

150 2064 229 2112 rum
246 2051 360 2114 status
376 2052 473 2115 recte
490 2052 726 2115 conservetur.

275 2245 352 2330 (lap.
365 2265 393 2310 2.
421 2245 499 2316 Qaoe
512 2245 593 2311 sint³
608 2246 649 2339 inq
658 2245 881 2313 visitationibus
894 2248 1072 2334 quoermdu.

200 2384 288 2455 Haec
314 2393 436 2455 autern
457 2384 492 2454 in
516 2385 618 2455 statis
643 2385 845 2477 hujusmodi
868 2388 1115 2479 congressibus
1139 2411 1203 2481 po-

150 2499 324 2569 tissimum
348 2507 573 2591 quaerantur:
601 2498 661 2571 An
680 2523 784 2570 sacrae
803 2499 993 2594 Scripturae
1011 2498 1203 2598 diligenter

149 2624 188 2684 et
205 2615 339 2686 sincere
362 2624 642 2708 pertractentur:
678 2639 722 2686 an
740 2625 825 2709 apta
845 2617 890 2687 sit
908 2626 945 2688 et
966 2628 1064 2689 reeta
1088 2642 1203 2691 saera·

148 2741 351 2801 mentorum
380 2733 665 2803 administratio:
707 2733 837 2802 deinde
868 2733 1052 2827 disciplina
1086 2735 1203 2828 qualis

149 2846 376 2917 ecclesiarum
412 2849 468 2930 sit,
504 2858 541 2918 et
575 2856 749 2939 quantum
788 2847 919 2918 habeat
954 2849 1115 2921 roboris:
1160 2874 1204 2922 ac

147 2973 339 3057 postremo,
368 2964 527 3035 formulae
562 2965 782 3057 publicarum
818 2962 1117 3057 supplicationum
1154 2990 1201 3038 an

149 3091 245 3151 reete
269 3091 306 3153 et
328 3083 538 3176 tempestive
564 3091 836 3152 conserventur:
863 3089 965 3149 etan
992 3090 1113 3152 cetera
1132 3084 1204 3155 rite

147 3206 359 3290 peragantur
386 3199 557 3281 universa,
584 3198 709 3290 quibus
738 3196 966 3267 ecclesiarum
998 3201 1203 3290 procuratio

147 3315 362 3385 continetur.

435 3459 512 3545 Gap.
524 3479 554 3544 3.
579 3461 699 3524 Forma
714 3459 906 3524 metatione.

195 3595 278 3667 Jam
297 3607 338 3667 ut
356 3600 423 3669 ista
438 3599 573 3670 facilius
590 3600 793 3691 procedant,
808 3602 970 3671 universa
987 3598 1200 3688 multitudo,

146 3715 444 3804 quemadmodum
466 3717 597 3785 usitate
624 3715 699 3784 fieri
727 3716 829 3798 solet,
847 3717 1074 3807 maximeque
1098 3718 1202 3788 vide·

145 3829 243 3900 bitur
272 3832 469 3912 convenire,
501 3833 537 3899 in
568 3854 678 3899 unum
710 3831 864 3922 aliquem
899 3831 1016 3901 locum
1047 3855 1201 3926 congre-

144 3953 259 4038 getur,
282 3954 319 4014 et
349 3946 563 4037 interpositis
593 3945 827 4036 syndicorum
855 3954 892 4015 et
922 3944 1070 4015 aliorum
1096 3947 1199 4036 jura·

144 4063 274 4131 mentis
312 4059 509 4131 solennium
544 4062 702 4142 testium,
735 4064 882 4132 crimina
926 4061 1200 4154 diligentissime

145 4179 427 4270 pervestigentur
460 4200 687 4271 personarum
718 4179 832 4248 omnis
860 4180 1008 4272 generisi,
1041 4201 1117 4270 quae
1153 4180 1198 4250 ad

308 4319 315 4357 ¹
333 4325 406 4373 sunt.
585 4312 597 4350 ²
611 4316 748 4374 visitatos.
930 4322 943 4360 ³
956 4326 1030 4374 sunt.
