2692 4800
162 263 235 339 206
392 290 440 339 nu
465 289 606 342 orrmro
632 290 677 339 nr
701 291 979 345 sumsmcrronr

237 539 360 604 Audiat
366 538 464 623 judeo
477 549 594 604 toottom
609 562 643 605 oo
658 563 728 625 qooe
741 562 805 607 saco
817 542 1136 627 runtjoriodiotiom‘s.

212 681 370 752 Primum
403 681 510 751 debet
532 682 657 774 judex,
684 684 825 776 quando
851 682 1000 768 aditur¹,
1027 685 1066 756 id
1089 687 1205 780 explo-

159 821 245 880 rare,
276 821 321 868 an
344 797 544 890 jurisdictio
572 821 692 868 earum
722 822 849 882 rerum,
876 823 1122 893 personarum,
1147 817 1205 876 aut

159 915 355 995 criminum,
377 936 454 1005 quac
476 913 512 982 in
532 914 669 1005 judicio
689 928 945 1008 proponuntur,
966 918 1012 988 ad
1039 941 1080 990 se
1105 922 1204 1013 perti·

158 1041 264 1100 neate
299 1053 451 1121 cumque
477 1028 528 1098 illi
554 1030 753 1099 constiterit
781 1054 823 1101 ea
852 1054 922 1101 suae
945 1033 1200 1125 jurisdictionis

158 1168 244 1226 esse,
256 1144 440 1239 judicandi
456 1166 585 1213 munus
602 1146 838 1237 aggrediatur.
873 1146 937 1217 Sin
953 1171 1040 1220 vero
1053 1151 1201 1223 animad-

158 1258 321 1331 verterit²
338 1260 382 1329 ad
400 1282 499 1329 snam
519 1260 802 1351 jurisdictionem
824 1285 895 1332 non
917 1265 1110 1356 pertinere,
1127 1289 1200 1337 cau·

156 1401 230 1449 sam
247 1377 407 1447 remittat
424 1376 468 1445 ad
485 1378 664 1469 proprium
677 1378 846 1469 judicem,
862 1401 963 1450 reum
980 1381 1028 1452 ab
1046 1381 1199 1453 observa·

156 1494 254 1562 tione
270 1493 324 1562 sui
342 1492 525 1563 tribunalis
546 1493 714 1574 absolvat,
733 1503 771 1564 et
792 1504 948 1567 actorem
973 1498 1011 1567 in
1034 1501 1197 1593 expensis

155 1610 184 1679 si
202 1632 279 1701 quae
297 1610 567 1691 intercesserint,
586 1611 846 1681 condemnabit.

526 1824 575 1886 Do
580 1825 655 1907 soro
668 1824 852 1908 competenti.

143 1987 147 1995 ·
204 1958 332 2030 Clerici
358 1959 527 2053 litigaturi
549 1983 652 2031 suum
671 1963 874 2055 episcopum
898 1985 962 2034 seu
986 1965 1066 2058 ejus
1084 1968 1198 2039 vicari·

154 2099 214 2146 um
233 2076 371 2158 adeant,
390 2087 427 2145 et
444 2076 575 2168 absque
592 2076 687 2148 illius
706 2101 878 2150 consensu
901 2090 939 2150 st
958 2079 1147 2155 voluntate
1165 2085 1196 2153 in

153 2191 291 2260 nullum
317 2191 425 2261 alium
444 2192 604 2284 jndicem
626 2193 860 2265 consentiant.
913 2195 971 2266 Do
995 2198 1197 2270 criminibus

152 2331 250 2377 mere
275 2308 520 2380 ecclesiasticis
546 2333 651 2380 nemo
674 2332 876 2403 quenquam
900 2312 967 2382 nisi
988 2315 1086 2408 apud
1106 2317 1197 2408 judi-

152 2447 230 2495 cem
248 2425 525 2496 ecclesiasticum
544 2429 740 2498 conveniat.

506 2641 617 2703 Coruo
631 2638 846 2703 ecclesiastisca.

202 2777 269 2846 Hae
300 2786 382 2847 sunt
413 2801 495 2848 vero
526 2801 637 2847 causae
664 2777 918 2868 subsequentes
940 2779 1197 2872 jurisdictionis

150 2895 405 2975 ecclesiasticas,
430 2894 660 2974 beneficiales,
687 2894 964 2964 matrimoniales
990 2905 1029 2965 et
1056 2897 1195 2967 divortii

149 3034 270 3092 causae,
299 3010 580 3087 testamentariae,
609 3018 647 3077 et
677 3008 850 3077 bonorum
884 3006 1197 3080 administrationis

148 3126 407 3204 defunctorum,
427 3122 673 3192 subtractionis
691 3122 898 3215 legatorum,
913 3125 1195 3207 mortuariorum,

148 3245 375 3321 decimarum,
395 3242 613 3310 oblationum
641 3249 678 3310 et
703 3240 850 3310 aliorum
871 3243 1006 3332 jurium
1034 3245 1197 3316 ecclesia-

148 3363 326 3441 sticorum,
353 3381 490 3427 necnon
517 3367 555 3427 et
582 3381 778 3440 usurarum,
809 3368 847 3426 et
878 3358 1076 3442 lraeresium,
1104 3363 1196 3433 ince-

147 3483 233 3555 stus,
260 3473 434 3554 adulterii,
461 3473 711 3554 fornicationis,
731 3472 914 3565 sacrilegii,
932 3473 1087 3564 perjurii,
1106 3475 1196 3546 blas-

146 3590 304 3682 pherniae,
340 3589 421 3657 fidei
465 3588 623 3671 laesionis,
659 3588 918 3670 diffamationis,
953 3599 991 3659 et
1035 3592 1193 3672 convicii,

146 3707 343 3798 injectionis
366 3727 533 3773 mannum
555 3704 787 3774 violentarum
805 3706 842 3773 in
860 3705 1041 3788 clericum,
1059 3718 1194 3799 pertur-

145 3823 295 3892 bationis
319 3821 530 3901 divinorum,
548 3843 687 3889 morum
709 3821 936 3891 correctionis
962 3831 1000 3891 et
1027 3824 1193 3894 reforma·

144 3939 259 4018 tionis
274 3945 462 4028 computus
479 3935 706 4005 ecclesiarum
725 3947 761 4005 et
779 3958 1052 4020 oeconomorum,
1067 3961 1193 4010 causae-

144 4077 212 4145 qne
230 4052 340 4123 debiti
367 4051 524 4122 ecclesiis
550 4073 742 4143 earumque
765 4052 944 4133 ministris,
963 4055 1190 4145 reparationis

143 4180 180 4239 et
199 4168 458 4260 dilapidationis
476 4166 644 4250 ecclesiae,
663 4168 866 4248 coemeterii,
885 4190 925 4236 ac
943 4167 1091 4238 aliorum
1111 4171 1189 4241 aedi-

327 4311 335 4344 ¹
351 4305 471 4364 auditur.
773 4303 785 4343 ²
799 4306 1006 4365 animadvertit.
