2692 4800
251 726 323 798 DE
356 726 551 800 SUMMA
579 725 858 799 TRINITATE
890 726 952 798 ΕΤ
980 725 1101 798 FIDE
1213 743 1226 786 ¹

520 874 830 949 CATHOLIOA.

208 1235 286 1321 Cap.
307 1257 334 1299 1.
357 1235 484 1325 Defidc
500 1236 679 1302 &dublinae
692 1234 731 1302 ab
745 1235 879 1301 macidane
893 1234 1100 1320 amplectenda
1113 1245 1142 1302 et

578 1336 767 1428 profitendo.¹

199 1484 381 1569 Quoniam
399 1488 499 1582 regni
521 1495 688 1582 potestas,
705 1495 744 1558 et
768 1486 888 1581 legum
906 1485 1200 1557 administranda·

150 1623 228 1672 rum
241 1603 303 1694 jus
320 1604 364 1674 nd
382 1627 446 1675 nos
463 1627 509 1675 ex
521 1603 601 1675 Dec
618 1603 788 1697 pervenit,
806 1603 1017 1696 principium
1035 1601 1137 1672 nobis
1153 1600 1199 1672 ab

149 1719 277 1789 codem
296 1716 375 1791 Deo
397 1722 609 1814 capiendum
633 1721 711 1791 erit.
763 1719 820 1792 De
843 1719 945 1812 cujus
968 1728 1094 1790 natura
1116 1740 1199 1789 cum

149 1849 248 1906 reete
265 1835 374 1907 fuerit
399 1847 436 1908 et
457 1839 579 1909 ordine
602 1837 848 1919 constitutum,
865 1834 1002 1907 facilior
1024 1835 1092 1904 erit
1117 1833 1200 1905 reli·

149 1976 301 2045 quarum
327 1952 446 2048 legum
473 1954 638 2047 provisio,
663 1975 751 2045 quas
779 1953 825 2024 ad
850 1951 1130 2024 confirmandum
1160 1952 1199 2022 in

147 2091 260 2162 regno
283 2079 404 2141 nostro
418 2092 542 2141 verum
560 2068 629 2140 Dei
653 2068 802 2150 cultum,
821 2077 859 2139 et
875 2067 921 2139 ad
937 2068 1055 2161 ipsum
1073 2063 1199 2136 Eccle-

147 2185 208 2255 siae
225 2192 359 2256 statum
377 2187 663 2270 conservandum,
681 2186 840 2256 adhiberi
857 2184 1066 2256 curavimus.
1100 2182 1198 2267 Qua·

147 2311 295 2395 propter
318 2325 440 2374 omnes
462 2302 624 2373 homines
646 2301 690 2372 ad
715 2325 802 2394 quos
825 2302 1013 2395 imperium
1037 2307 1198 2372 nostrum

147 2414 223 2486 ulla
247 2416 385 2487 ratione
407 2418 575 2511 pertinet,
592 2416 828 2488 Christianam
854 2416 1063 2510 religionem
1088 2415 1198 2486 susci-

147 2555 233 2625 pere
250 2542 289 2603 et
306 2533 461 2626 profiteri
481 2533 657 2617 volumus,
674 2541 712 2603 et
721 2532 904 2627 jubemus.
940 2530 1197 2624 contraquam

146 2651 209 2741 qui
227 2651 461 2744 cogitationes
480 2660 543 2722 aut
560 2652 717 2722 actiones
733 2649 824 2720 ullas
847 2650 1054 2742 suscipiunt,
1072 2650 1199 2743 impie·

146 2774 224 2837 tate
237 2789 301 2838 sua
312 2765 429 2838 Deum
443 2790 464 2837 a
481 2790 518 2838 se
535 2766 755 2838 abalienant:
774 2789 837 2838 nos
854 2774 975 2836 autem
994 2766 1055 2857 qui
1068 2765 1195 2835 divinoe

148 2881 351 2978 Majestatis
373 2885 570 2955 administri
593 2904 724 2964 sumus,
749 2890 787 2953 et
809 2880 997 2952 facultates
1016 2881 1196 2953 universas

147 3010 185 3071 et
207 3001 321 3094 ipsam
344 3003 497 3093 denique
513 3001 622 3071 vitam
640 2998 710 3070 illis
735 2998 1005 3093 abjudicandam
1027 3019 1103 3067 ease
1122 3006 1195 3068 sta-

148 3119 292 3201 tuimus,
314 3120 517 3211 quicunque
540 3126 614 3188 tam
639 3106 786 3186 immani
811 3138 849 3186 se
874 3114 1006 3186 scelere
1032 3113 1195 3207 impieta·

147 3235 193 3306 tis
214 3233 459 3328 obligaverint.
511 3233 560 3305 Et
584 3233 653 3303 hoc
676 3233 712 3302 in
735 3233 900 3303 omnibus
925 3228 1043 3301 valeat
1065 3229 1194 3301 nostris

145 3352 309 3435 subditis,
342 3374 553 3444 quocunque
587 3349 741 3434 nomine,
775 3348 864 3431 loco,
900 3346 957 3417 vel
991 3346 1193 3417 conditione

146 3478 368 3542 censeantur.

225 3663 305 3748 Cap.
323 3683 352 3729 2.
375 3663 425 3727 Dc
438 3669 552 3727 nutura
568 3661 641 3740 Dei,
657 3667 686 3725 ct
700 3659 788 3725 beata
808 3659 969 3732 minianu,
986 3655 1065 3743 qaid
1076 3656 1117 3720 ait

575 3762 765 3828 amandum.

195 3903 331 3978 Omnes
358 3904 421 3975 lilii
449 3903 518 3974 Dei
545 3925 609 3996 per
632 3899 758 3973 desum
784 3900 966 3972 Christum
991 3897 1118 3985 renati,
1144 3920 1190 3968 ex

146 4025 250 4095 corde
267 4047 367 4117 puro,
381 4021 596 4093 conscientia
608 4020 760 4102 banael
772 4018 841 4088 tide
859 4040 930 4089 non
944 4017 1028 4087 ficta
1044 4014 1191 4087 credant

145 4152 182 4214 et
203 4142 450 4221 confiteantur,
471 4160 581 4209 unum
608 4159 684 4208 esse
711 4135 830 4205 vivum
856 4141 893 4205 et
916 4156 1039 4206 verum
1058 4131 1188 4215 Deum,

146 4268 317 4332 aeternum
349 4267 387 4329 et
422 4257 675 4349 incorporeum,
709 4250 972 4345 impassibilem,
1006 4249 1188 4319 immense

655 4389 679 4438 a
