2692 4800
147 244 194 310 18
528 260 576 309 on
594 259 813 327 nasasrsps.
1192 260 1222 310 c.

145 532 360 625 superstitio,
391 534 452 624 qni
483 531 552 603 Dei
582 533 733 626 gratiam
760 541 798 602 et
824 532 997 625 Spiritum
1028 541 1193 604 sanctum

144 657 331 741 tantopere
356 670 437 720 curn
468 658 769 720 sacramentorum
795 647 982 719 elementis
1011 646 1194 742 colligant,

145 775 187 836 ut
211 765 316 858 plano
342 764 519 837 affirment
544 765 682 836 nullum
709 764 990 836 Christianorum
1019 763 1195 837 infantem

146 892 317 954 aeternam
352 882 503 954 salutern
529 905 605 953 esse
639 890 923 964 consecuturum,
954 880 1015 973 qni
1042 881 1142 974 prius
1173 880 1195 953 'a

145 1008 262 1069 morte
284 999 393 1069 fuerit
410 1007 614 1091 occupatus,
632 1020 738 1089 quarn
761 997 806 1068 ad
823 996 1041 1091 baptismum
1064 996 1194 1069 adduci

144 1117 324 1209 potuerit;
341 1116 437 1207 quod
455 1115 561 1207 longe
578 1135 679 1184 secus
696 1112 827 1183 habere
838 1112 1054 1205 judicamus.
1090 1112 1195 1185 Salus

144 1232 238 1301 enim
257 1230 327 1301 illis
349 1231 465 1301 solum
483 1230 661 1311 adimitur,
679 1230 739 1320 qni
757 1249 896 1297 sacrum
913 1228 1009 1301 hunc
1025 1228 1194 1323 baptismi

145 1344 280 1415 fontem
299 1353 542 1426 contemnunt,
560 1352 624 1414 aut
650 1344 813 1435 superbia
830 1342 982 1435 quadam
999 1342 1047 1414 ab
1063 1365 1119 1427 eo,
1138 1344 1194 1415 vei

144 1461 368 1531 contumacia
388 1458 569 1540 resiliunt3
591 1480 669 1549 quae
686 1460 935 1551 importunitas
953 1482 1037 1530 oum
1054 1461 1092 1529 in
1111 1482 1196 1553 pue-

143 1599 263 1648 rorum
278 1584 421 1646 aetatem
434 1596 505 1644 non
518 1573 633 1656 cadat,
644 1573 732 1644 nihil
746 1584 870 1644 contra
883 1573 1037 1645 salntem
1051 1573 1194 1645 illorum

143 1692 359 1763 authoritate
371 1691 632 1784 Scripturarnm
646 1690 788 1761 decerni
803 1697 931 1783 potest,
942 1691 1054 1760 immo
1070 1699 1195 1762 eontra

144 1831 225 1879 cum
243 1808 323 1879 illos
346 1808 544 1878 communis
564 1805 747 1898 promissio
766 1826 892 1898 pueros
914 1805 950 1874 in
974 1827 1013 1875 so
1035 1826 1195 1899 compro·

144 1925 289 2006 hendat,
307 1925 444 2016 optima
468 1923 570 1993 nobis
595 1942 675 2013 spes
700 1921 745 1989 de
771 1919 913 1990 illorum
939 1920 1056 1991 salute
1077 1922 1195 1992 conei-

144 2041 273 2134 pianda
290 2050 356 2109 est.

163 2208 165 2213 Ι
232 2243 309 2329 Gap.
330 2265 379 2330 ¹9·
401 2246 451 2308 Dc
465 2241 789 2309 transubstantiatione
803 2243 838 2306 in
851 2241 1067 2316 Bardamana,
1082 2252 1110 2308 et

317 2346 533 2431 inponatt'one,
549 2355 582 2409 ut
595 2353 710 2422 vocant,
726 2345 863 2429 corporis
881 2344 1007 2411 Oiatai.

197 2485 366 2579 Obrepsit
390 2488 499 2557 etiam
518 2488 554 2554 in
572 2485 784 2556 eucharistia
808 2484 1126 2578 periculosissimus
1142 2507 1194 2556 er·

146 2625 204 2671 ror
229 2625 352 2672 eorum
370 2604 432 2694 qui
458 2603 597 2683 docent,
616 2604 880 2684 concionantur,
898 2614 936 2674 et
962 2601 1194 2684 contendunt,

147 2719 279 2790 virtute
297 2728 474 2789 certorum
490 2719 677 2789 verborum
695 2742 771 2811 quae
790 2719 951 2789 minister
967 2717 1013 2787 od
1035 2717 1196 2813 symbola

146 2834 252 2927 hujus
275 2836 486 2906 sacramenti
511 2835 715 2918 insusurrat,
733 2856 861 2927 panem
885 2835 1044 2906 converti
1063 2834 1122 2905 vel
1140 2838 1194 2927 (ut

146 2952 213 3044 ipsi
238 2951 445 3045 loquuntur)
464 2952 769 3022 transubstantiari
794 2953 830 3020 in
849 2950 981 3021 Christi
1004 2973 1143 3044 corpus,
1158 2960 1195 3022 et

147 3066 272 3136 itidem
291 3069 412 3137 vinum
431 3068 467 3136 in
486 3066 704 3161 sanguinem.
737 3065 841 3149 Quod
860 3089 944 3136 sans
962 3064 1094 3159 dogma
1110 3088 1196 3158 quo-

148 3184 243 3253 niam
273 3183 379 3253 sacris
406 3182 519 3253 literis
545 3183 759 3264 adversatur,
785 3205 806 3253 a
833 3192 959 3252 natura
985 3181 1195 3251 sacramenti

149 3298 336 3391 discrepat,
359 3308 396 3369 ct
423 3322 545 3370 verum
572 3299 703 3369 Christi
730 3321 857 3392 corpus
882 3299 934 3370 ita
958 3297 1139 3390 depravat,
1157 3305 1196 3369 ut

149 3414 205 3485 vel
223 3415 377 3484 divinam
401 3414 437 3483 in
462 3413 549 3484 illud
572 3415 717 3485 inducat
743 3424 905 3485 naturam
922 3412 1086 3485 omnibus
1111 3413 1197 3484 locis

149 3531 324 3613 diffusam,
335 3530 391 3600 vel
406 3553 451 3600 ex
469 3553 512 3600 eo
530 3540 708 3623 spectrum
727 3540 790 3601 ant
808 3531 1004 3601 machinam
1020 3529 1196 3621 quandam

148 3647 446 3728 comminiscetur,
466 3657 582 3716 totum
607 3646 674 3717 hoo
697 3647 875 3740 papisticae
899 3648 998 3719 faecis
1021 3646 1197 3717 somnium

149 3765 278 3836 auferri
297 3763 470 3845 volumus,
488 3774 525 3833 et
552 3773 715 3834 naturam
734 3786 851 3833 veram
878 3763 978 3856 panis
1003 3762 1135 3833 etvini
1161 3762 1196 3832 in

150 3880 361 3953 eucharistia
379 3888 621 3950 remanentem
639 3879 744 3972 plane
761 3881 912 3974 agnosci,
924 3879 1101 3973 quomodo
1120 3876 1197 3970 Spi-

150 3999 239 4068 ritus
257 4007 398 4068 sanctus
415 3997 545 4089 apertis
564 3996 678 4066 verbis
696 4004 898 4069 attestatur.
934 3995 1060 4087 Itaque
1078 3992 1195 4064 necin

150 4116 263 4187 altum
290 4113 367 4184 tolli
404 4123 663 4184 sacramentum
694 4114 772 4197 hoc,
799 4137 863 4184 nec
893 4111 1108 4183 circumferri
1136 4130 1196 4202 per

149 4253 250 4324 agros
277 4228 440 4322 patimur,
460 4250 526 4296 nec
544 4231 741 4298 conservari
760 4229 794 4297 in
813 4229 1014 4309 crastinum,
1032 4248 1099 4295 nec
1116 4223 1194 4294 ado
