2692 4800
144 244 193 315 72
294 260 344 311 nn
369 255 651 329 amnunnmoun
676 256 953 311 nnumrmonuu
978 236 1043 311 &a
1196 260 1241 315 ur

196 936 264 1009 nn
296 878 708 1010 pannummoun
738 935 1141 1013 nnnnmolonuu

406 1075 933 1153 nocnnsmsmoonmu.
1052 1128 1055 1133 -

342 1298 419 1385 Gap.
433 1319 461 1365 1.
488 1300 639 1371 Quem)
647 1301 834 1387 pometum
844 1300 999 1388 pandat.

196 1438 444 1511 Ecclesiastioa
474 1422 656 1525 beneficia,
684 1464 897 1534 quocunque
930 1443 1078 1513 nomine
1114 1464 1192 1514 oen·

146 1565 299 1640 seantur,
312 1556 387 1628 sine
403 1566 632 1650 patronorum
649 1567 687 1629 et
704 1559 960 1631 ordinariorum
976 1558 1194 1631 authoritate

146 1674 338 1767 permutari
363 1697 434 1744 non
460 1671 592 1745 lioebit.
645 1673 784 1747 Verum
807 1675 949 1767 quando
972 1675 1134 1748 locorum
1158 1682 1195 1746 et

146 1786 374 1860 ecclesiarum
401 1789 491 1860 ratio
517 1789 722 1883 postulabit,
740 1798 782 1860 ut
806 1792 866 1884 qui
889 1814 962 1863 uno
978 1790 1060 1864 looo
1080 1792 1195 1863 minua

146 1904 253 1978 utiles
270 1928 347 1976 esse
364 1904 537 1990 videntur,
556 1904 641 1978 alibi
661 1929 698 1976 se
715 1896 857 1978 valeant
880 1904 1004 1979 utilius
1021 1928 1241 2001 exerueregg

146 2028 266 2114 potest
288 2022 473 2116 episeopus
495 2043 607 2092 unum
631 2021 833 2094 ministrum
856 2023 894 2094 in
916 2020 1064 2095 alterius
1080 2022 1198 2095 looum

147 2139 339 2233 imponere,
356 2138 385 2210 si
407 2139 571 2211 voluntas
594 2138 629 2208 id
655 2139 894 2210 ministrorum
920 2141 1025 2225 ferat,
1042 2150 1083 2212 et
1104 2150 1199 2214 uter·

148 2277 217 2346 que
246 2254 345 2341 loona
379 2254 413 2325 in
446 2255 581 2325 ditione
615 2254 661 2326 eit
691 2255 846 2349 episcopi
880 2278 987 2349 quam
1018 2257 1200 2329 dioeoedm

149 2379 287 2443 vocant.

171 2567 249 2654 Gap.
267 2586 295 2634 2.
321 2566 470 2648 &woodo
484 2565 622 2651 beneficio
636 2567 828 2668 diuersamm
842 2567 1005 2633 dioeoeaum
1013 2570 1191 2656 mederi

605 2664 734 2739 penard.

200 2778 239 2848 Si
266 2779 406 2871 quando
433 2801 515 2848 voro
546 2778 730 2870 contingat
759 2776 999 2849 ecclesiastiea
1028 2779 1200 2851 beneficia

151 2916 369 2988 quoeounque
398 2893 544 2965 diversis
573 2896 610 2965 in
641 2894 851 2964 dioecesibus
880 2893 975 2986 poni,
1001 2894 1047 2966 de
1073 2896 1200 2987 quibus

151 3011 410 3084 commutandis
448 3021 606 3104 coeptum
640 3018 706 3095 est,
734 3012 779 3081 ad
814 3010 953 3082 exitum
987 3034 1096 3083 eausa
1129 3036 1198 3083 non

151 3129 343 3223 perveniat,
362 3128 473 3198 donec
495 3127 678 3220 utriusque
701 3128 855 3212 ditionis,
874 3126 930 3199 vel
955 3128 1128 3213 dioeoesis,
1145 3154 1199 3200 or-

152 3246 307 3316 dinarius
324 3243 576 3315 authoritatem
594 3267 692 3316 suam
711 3246 945 3338 conjunxerit.
991 3245 1090 3330 Qua¹
1109 3248 1146 3318 in
1163 3270 1200 3317 re

152 3372 195 3432 ut
218 3361 518 3455 permutationum
543 3361 712 3454 impensae
738 3364 951 3442 minuantur,
969 3372 1006 3432 et
1029 3364 1141 3434 etiam
1164 3365 1199 3433 in

153 3488 230 3550 toto
261 3479 306 3550 sit
337 3479 481 3573 nogotio
511 3479 627 3548 minus
660 3480 844 3561 molestiae,
870 3480 970 3573 eujus
999 3480 1035 3549 in
1066 3480 1199 3552 ditione

152 3597 271 3666 minus
293 3594 505 3666 berreficinm
532 3595 624 3665 inest
650 3595 939 3680 ecclesiasticum,
963 3597 993 3667 is
1017 3618 1123 3667 suum
1141 3598 1199 3690 jus

154 3716 191 3784 in
216 3712 367 3784 alterurn
392 3712 607 3783 ordinarium
631 3713 830 3797 transferat,
848 3713 909 3806 qui
934 3736 1033 3785 snam
1058 3715 1104 3786 ad
1124 3738 1199 3808 pro·

154 3832 265 3927 priam
289 3829 433 3900 alterius
454 3829 663 3924 delegatam,
682 3839 719 3901 et
739 3831 836 3923 quasi
860 3831 941 3901 fidei
967 3835 1197 3915 commissam,

155 3955 368 4043 potestatem
392 3947 590 4031 infundens,
608 3971 671 4019 sua
693 3949 870 4020 sententia
887 3957 1000 4020 totam
1025 3958 1198 4043 permuta·

156 4067 261 4137 tionis
278 4087 418 4135 oausam
439 4064 639 4136 concludet.

626 4258 732 4333 oar
756 4271 758 4274 -
