2692 4800
96 320 132 369 Ὠ.

281 314 529 371 unumunurn
546 318 790 373 runcussrone
805 320 1048 375 cur-:mconum
1116 305 1189 379 265

146 472 256 544 fuisse
280 472 404 557 aliena,
430 472 577 544 minime
605 474 754 569 cogitur,
780 474 841 569 qui
866 477 1087 569 praesoripsit,
1113 500 1191 549 eom

147 590 344 662 restituere.
396 587 491 660 Nom
515 590 655 683 quondo
678 591 778 661 novit
799 590 944 662 ulterius
969 614 1048 663 eom
1073 593 1192 677 fuisse,

141 704 216 797 jum
240 728 312 777 non
328 704 490 787 alienum,
509 706 572 777 sed
593 728 690 777 susm
710 716 865 802 coeperat
881 709 1083 801 possidere3
1109 733 1191 782 nom

148 820 245 917 leges
261 830 300 893 et
308 824 392 917 juro
407 822 441 892 ci
461 820 683 892 addixemnt.
733 822 802 908 Qui
820 824 936 896 alieno
953 824 1097 897 nominc
1114 848 1194 919 pos-

148 936 250 1021 sidet,
277 960 349 1009 non
372 936 574 1033 praesoribit.
627 938 860 1033 Usuoopionis
884 941 992 1011 trium
1019 964 1192 1013 annorum

148 1053 301 1149 epatium
339 1052 562 1148 assignatum
603 1055 870 1149 prescriptionis
906 1065 1038 1140 sutem,
1076 1059 1192 1150 quood

148 1170 340 1265 pr'oesentes
356 1168 490 1253 decem,
509 1170 623 1262 quood
640 1170 804 1243 absentes
821 1171 967 1267 viginti3
984 1171 1122 1268 longior
1138 1182 1193 1245 est

149 1288 302 1383 triginta,
319 1285 522 1381 longissimo
544 1308 627 1357 vero
652 1287 885 1381 quodraginta
909 1309 1106 1371 annorum3
1136 1292 1194 1359 ut·

149 1428 216 1498 que
242 1404 409 1497 usucapio
433 1403 477 1474 sd
502 1426 557 1475 res
580 1403 729 1476 mobiles
754 1405 918 1498 pertinet,
938 1404 988 1475 its
1012 1404 1194 1499 proescrip-

149 1524 197 1595 tio
215 1521 260 1593 sd
285 1519 494 1593 immobiles.

561 1741 800 1753 —

292 1980 361 2053 DE
396 1982 658 2055 VIOLENTA
696 1984 1015 2059 PERCUSSION
1020 1986 1050 2057 E

495 2114 846 2190 CLERICORUM.

222 2312 300 2399 Cep.
315 2333 341 2377 r.
374 2312 432 2377 Vos
446 2320 550 2377 corrtra
563 2312 707 2378 morsm
721 2314 830 2401 quibus
837 2317 939 2402 posse
952 2318 1119 2403 afficiatur.

196 2460 409 2554 Quicunque
442 2482 568 2531 manus
600 2459 772 2532 violentes
805 2461 843 2532 in
877 2462 1045 2535 clericum
1079 2466 1193 2537 sciens

147 2577 316 2671 injecerit,
342 2576 408 2647 nisi
440 2575 594 2647 voluerit
623 2576 795 2648 arbitratu
819 2578 983 2671 judicum
1014 2580 1194 2653 ecclesias·

147 2694 297 2765 ticorum
327 2692 360 2762 ei
391 2691 603 2777 satisfacere,
629 2693 944 2787 poenitentiamque
972 2694 1089 2766 subire
1119 2704 1192 2767 tem

146 2812 256 2883 atroci
282 2808 413 2882 scelere
439 2808 594 2904 dignam,
612 2811 648 2879 in
673 2811 1075 2882 excommunicationem
1103 2824 1192 2883 ruet.

146 2928 180 2999 A
209 2951 279 3021 que
305 2926 403 2996 nullo
430 2926 537 2997 modo
562 2927 717 3020 patimur
742 2927 843 2998 illum
869 2928 1055 3012 sublevari,
1081 2930 1193 3001 donec

146 3044 355 3137 poenitentie
383 3042 487 3135 plene
515 3044 562 3113 sit
591 3044 807 3137 perfunctus,
833 3043 995 3117 ordinarii
1024 3046 1077 3116 sui
1104 3045 1195 3116 arbi-

148 3168 242 3232 tratu
263 3159 458 3230 indicendo.

300 3367 377 3453 Cep.
391 3387 419 3433 2.
446 3368 525 3437 Qrcoe
539 3378 611 3433 eum
624 3369 804 3455 mustiones
818 3370 851 3434 in
865 3368 923 3435 lucc
937 3392 1043 3437 muso.

196 3516 373 3602 Quoniam
399 3517 512 3587 omnis
533 3517 680 3589 honeste
707 3521 795 3590 ratio
822 3520 972 3613 relinqui
999 3520 1108 3591 debet
1132 3546 1194 3592 ex-

145 3633 332 3729 pediendae
358 3632 490 3715 salutis,
509 3636 537 3705 si
561 3637 641 3728 quis
666 3659 703 3707 se
727 3636 886 3731 legitimo
909 3639 1112 3717 delumens,
1131 3650 1194 3709 arrt

140 3753 288 3845 justitio
311 3752 474 3833 serviens,
492 3752 536 3821 ad
562 3752 631 3822 vim
657 3765 780 3824 contra
802 3754 969 3827 clericum
993 3778 1194 3849 progressus

145 3871 200 3955 sit,
218 3872 247 3942 si
268 3893 385 3941 corum
403 3869 577 3941 ordinario
601 3894 665 3942 suo
689 3873 898 3965 patefecerit
915 3873 985 3944 vim
1003 3872 1058 3942 his
1081 3873 1194 3943 causis

147 3989 338 4081 prolectam
367 4010 452 4069 esse,
478 4011 565 4081 quos
592 3990 782 4082 posuimus,
809 3992 953 4061 omnino
979 3989 1078 4061 illum
1107 3988 1194 4061 libe·

147 4103 212 4173 reri
244 4100 413 4185 volumus,
441 4114 479 4173 et
508 4104 583 4174 siue
610 4128 714 4198 poena
741 4106 882 4177 dimitti.
937 4106 1024 4177 Esto
1053 4129 1193 4198 quoque

148 4242 210 4311 par
236 4221 441 4290 clericorum
473 4244 584 4313 pmcn,
611 4223 637 4290 si
672 4222 842 4294 violentas
872 4246 993 4295 munus
1024 4224 1059 4293 in
1087 4222 1193 4294 laicos

147 4335 307 4408 homines
324 4337 516 4431 injecerint.
