2692 4800
155 275 228 350 172
441 292 490 343 nn
514 292 910 348 exconmunrcarrcnr„
1215 303 1272 381 cp

153 456 192 518 et
212 445 417 542 int-egritate
436 455 653 540 compenset.
703 448 829 520 Donec
851 450 962 546 igitur
976 451 1060 524 Deo
1079 474 1200 525 recou-

153 563 293 634 ciliatns
320 571 358 633 et
384 560 552 634 Ecclesia
581 563 699 647 fuerit,
727 587 771 635 ea
795 565 958 651 formula,
985 589 1095 660 quam
1121 578 1200 663 poet

152 679 388 772 subjiciemus,
406 701 470 771 pro
481 678 682 752 Christiano
699 681 809 753 fretre
825 703 898 752 nou
913 684 1123 777 accipiatur,
1139 685 1199 755 ced

151 803 320 888 tauquam
338 795 489 865 extorris
504 803 543 865 et
559 795 749 889 naufragus
766 804 805 867 et
821 796 959 869 advena
974 797 1092 891 ignoti
1109 798 1200 870 orbis

152 908 367 993 obambulet,
389 932 514 1003 expers
537 933 650 980 coenae
667 911 812 981 Domini
836 921 874 982 et
896 921 1199 985 sacramentorum

152 1037 190 1100 et
203 1028 401 1098 divinorum
415 1048 705 1119 quommcunque
719 1025 925 1098 officiorum.
955 1029 1062 1100 Idem
1072 1030 1111 1101 in
1123 1029 1199 1103 aliie

151 1145 215 1216 fiet
232 1141 397 1225 ecclesiis,
415 1143 564 1235 adquae
580 1143 786 1214 mandatum
798 1143 930 1235 judicie
946 1149 1144 1239 perveniet.

365 1354 507 1441 Capro.
529 1355 870 1422 Eccoeuuuaicatoram
877 1377 983 1441 poeeo.

200 1494 293 1568 Cum
317 1494 626 1566 excommunicato
649 1516 721 1565 uon
742 1495 970 1586 resipiscente
986 1497 1111 1568 necin
1127 1497 1199 1569 Do-

149 1613 236 1683 mini
270 1633 393 1682 mensa
422 1611 574 1682 scienter
602 1611 936 1683 communicandum
966 1620 1033 1695 eet,
1062 1635 1132 1685 nec
1162 1614 1198 1685 in

149 1726 232 1799 ullis
249 1748 331 1797 cum
348 1724 410 1794 illo
428 1724 555 1795 divinia
576 1724 698 1797 officiis
715 1726 938 1799 versandum.
988 1725 1117 1822 Atque
1133 1731 1199 1802 irie

150 1841 295 1935 quidem
310 1863 416 1933 poena
435 1838 572 1911 nullam
593 1842 843 1935 exceptionem
863 1841 1005 1914 lrabeet.
1057 1841 1198 1916 Deinde

150 1980 196 2029 ne
216 1957 336 2028 cibum
359 1957 504 2049 quidem
529 1965 593 2026 out
616 1965 743 2050 potum
768 1980 840 2030 una
864 1981 947 2030 cum
971 1957 1036 2030 illc
1061 1982 1197 2056 cepere,

150 2075 207 2148 vel
233 2074 393 2158 osculari,
412 2073 469 2145 vel
490 2073 655 2158 salutare,
673 2073 731 2145 vel
756 2075 801 2146 ed
826 2074 918 2145 edes
943 2083 1024 2146 tune
1048 2075 1198 2147 invitare

149 2192 303 2264 feeerit.
355 2191 398 2261 In
420 2213 490 2283 quo
512 2198 633 2261 tamen
654 2190 763 2262 debet
787 2188 987 2284 indulgeri3
1012 2212 1100 2262 uem
1119 2215 1197 2266 rene

149 2307 233 2380 licet
262 2308 300 2378 in
324 2306 420 2378 aedes
446 2305 577 2377 alienas
604 2328 804 2377 commeare
830 2329 903 2377 nou
930 2305 1052 2390 debet,
1079 2316 1196 2380 tamen

148 2424 290 2518 proprie
313 2423 390 2516 ejus
415 2422 542 2492 domne
567 2421 723 2494 solitaria
747 2446 819 2494 non
839 2422 1070 2515 relinquetur,
1087 2447 1197 2498 neca

148 2542 261 2634 pactis
286 2537 449 2610 civilibus
474 2536 694 2622 excludetur,
715 2548 753 2610 et
775 2538 915 2611 usitatis
936 2542 1103 2635 negotiis,
1123 2543 1196 2635 qui·

148 2658 215 2728 buo
240 2656 443 2728 necessariae
468 2677 523 2726 ree
548 2655 710 2725 humanae
731 2657 813 2726 vitae
839 2657 1134 2750 suppeditantur:
1159 2668 1196 2730 et

148 2776 176 2845 si
195 2775 273 2867 quis
291 2772 390 2843 illum
413 2771 625 2842 admouendi
647 2795 752 2843 causa
768 2774 964 2844 visitaverit
989 2783 1028 2844 et
1048 2775 1196 2869 adpro·

147 2891 297 2962 bitetem
316 2887 533 2968 reflectendi‚
551 2910 622 2958 non
640 2889 748 2958 debet
765 2874 802 2958 in
820 2887 935 2959 officio
954 2901 1028 2959 tam
1048 2892 1110 2983 pio
1133 2894 1195 2962 im·

147 3007 270 3100 pediri.
323 3004 404 3075 Nec
427 3003 507 3074 illos
524 3005 569 3074 ad
587 3004 826 3075 ecclesiastica
842 3004 1015 3077 beneficia
1034 3008 1128 3080 sumi
1145 3008 1195 3080 faa

147 3131 211 3205 eet,
243 3144 330 3214 quos
359 3122 404 3191 ad
435 3143 593 3191 mensam
622 3119 678 3189 vel
705 3121 750 3190 ad
781 3119 996 3212 colloquium
1025 3123 1193 3196 adhibere

145 3239 245 3310 nefas
270 3238 502 3310 existimatur.
554 3237 603 3308 Et
631 3236 882 3307 beneficiomm
908 3236 1075 3308 authores
1100 3237 1192 3311 illim

145 3356 314 3449 temporis
325 3356 385 3447 jue
402 3356 580 3424 amittant.
620 3353 725 3437 Quod
742 3354 771 3424 si
788 3376 868 3424 reus
885 3354 971 3445 ipse,
989 3354 1192 3447 priusquam

146 3471 307 3567 legitime
330 3471 499 3543 liberatus
522 3471 638 3551 fuerit,
656 3471 701 3541 ad
724 3477 944 3540 sacramente
961 3467 1018 3541 vel
1035 3492 1192 3541 commu·

146 3588 297 3660 nicanda
322 3587 378 3658 vel
404 3585 680 3657 administranda
705 3587 899 3677 irrumpere
924 3586 1067 3670 audeat,
1092 3587 1123 3657 ei
1147 3609 1191 3658 ex

147 3705 269 3775 ordine
294 3702 532 3774 ecclesiastico
557 3701 706 3773 clericus
731 3702 849 3785 fuerit,
876 3701 1047 3773 beneficio
1074 3713 1190 3775 careat

146 3830 183 3890 et
210 3821 324 3891 officio
350 3821 551 3912 dejiciatur:
578 3820 607 3888 si
633 3842 680 3890 ex
706 3820 904 3912 promiscuo
925 3818 1067 3911 populo,
1084 3829 1133 3903 et,
1151 3829 1188 3890 ut

145 3936 252 4031 vulgo
270 3938 407 4016 dicitur,
427 3936 544 4019 laicus,
562 3936 733 4007 arbitratu
752 3935 903 4030 legitimi
913 3935 1045 4028 judicis
1061 3936 1187 4029 gravie-

144 4054 234 4123 sime
252 4054 427 4146 puniatur.
