2692 4800
209 274 257 340 10
584 292 633 342 nu
658 292 877 344 uaeramus.

206 443 460 527 adhaerescunt,
479 452 519 513 ut
536 446 581 514 ad
599 445 902 517 circumcisionem
926 456 964 517 et
984 469 1005 518 a
1023 444 1132 520 Mose
1149 472 1263 542 quon·

207 560 289 631 dam
306 560 488 631 institutas
504 562 721 633 ceremonias
738 561 935 634 necessario
951 584 1015 635 nos
1032 574 1216 637 revocent.

426 822 503 909 Cap.
518 843 550 908 5.
573 825 623 887 Do
637 820 756 888 dordan
768 823 892 889 menas
909 823 1033 890 Christi.

256 962 359 1034 Circa
375 961 553 1055 duplicem
572 961 705 1033 Christi
723 971 885 1059 upturam
909 964 1128 1057 perniciosus
1148 974 1262 1039 estet

206 1079 322 1151 varius
355 1101 470 1149 error:
509 1101 556 1149 ex
590 1080 718 1172 quibus
751 1079 811 1151 ulii
844 1090 927 1152 sunt
960 1104 1007 1152 ex
1039 1079 1261 1155 Arianorum

206 1210 312 1279 secta,
343 1196 523 1268 Christum
557 1197 608 1267 ita
641 1206 815 1289 ponentes
847 1198 1029 1269 hominem
1063 1207 1106 1269 ut
1135 1199 1259 1271 Deum

206 1325 348 1408 negent.
398 1310 474 1382 Alii
498 1335 580 1383 eum
605 1314 656 1384 sic
678 1311 796 1383 Deum
817 1313 982 1406 judicant
1007 1324 1051 1385 ut
1072 1314 1260 1389 homiuem

205 1452 276 1500 non
310 1438 513 1523 agnoscant,
543 1438 581 1500 et
615 1429 661 1500 de
694 1452 840 1522 corpore
873 1440 1053 1525 nugantur
1086 1430 1131 1502 de
1167 1433 1260 1505 coelo

205 1545 374 1616 divinitus
394 1554 587 1637 assumpto,
604 1554 642 1615 et
658 1545 696 1614 in
712 1544 856 1638 virginis
872 1555 1015 1616 uterum
1032 1545 1142 1640 iapso,
1161 1551 1258 1643 quod

204 1668 374 1753 tanquam
394 1662 432 1731 in
454 1662 605 1732 transitu
626 1683 690 1754 per
707 1658 863 1732 Mariam
884 1662 983 1754 quasi
1006 1685 1071 1755 per
1093 1664 1258 1737 canalem

204 1785 267 1848 aut
284 1776 438 1849 fistulam
456 1776 740 1870 praeterfluxerit.
780 1776 935 1861 Quidam
946 1775 1112 1849 Verbum
1129 1780 1169 1851 in
1182 1804 1259 1853 ear·

204 1893 259 1964 nis
276 1902 436 1964 naturam
451 1915 659 1964 conversum
676 1901 847 1976 asserunt,
859 1916 976 1986 qum,
990 1896 1257 1989 quamprimum

204 2017 357 2080 amorte
373 2010 411 2080 in
428 2009 558 2080 coelum
582 2009 651 2079 fuit
673 2017 826 2101 recepta,
843 2031 961 2080 rursus
983 2009 1110 2081 volunt
1131 2014 1171 2084 in
1193 2038 1256 2087 ua·

203 2132 321 2196 turam
339 2126 493 2196 divinam
511 2148 685 2196 reversam
700 2133 738 2195 et
754 2125 955 2218 absorptam
969 2147 1057 2197 esse.
1089 2126 1256 2211 Quorum

204 2239 256 2311 illi
274 2240 437 2312 delirium
461 2242 657 2325 imitantur,
675 2240 736 2334 qui
760 2243 895 2335 corpori
913 2241 1045 2314 Christi
1068 2236 1144 2316 tam
1162 2245 1255 2320 latos

203 2358 291 2428 fines
308 2359 404 2441 dant,
422 2366 464 2427 ut
480 2356 542 2427 illo
558 2357 704 2428 credant
720 2366 783 2427 aut
801 2379 923 2428 omnes
940 2358 1036 2431 locos
1053 2360 1254 2446 simutant

203 2471 425 2545 innumeros¹
437 2473 599 2545 obsiden‘.
626 2472 731 2558 Quod
745 2475 774 2544 si
787 2475 1047 2559 confiteremur,
1058 2476 1253 2551 humanam

204 2615 225 2663 e
258 2588 400 2662 Christo
434 2599 596 2661 naturam
630 2591 878 2662 eximeremus.
939 2591 1253 2676 Quemadmodum

203 2709 299 2778 enim
317 2708 386 2778 Dei
406 2716 530 2778 natura
547 2705 612 2778 sibi
630 2706 698 2777 hoo
716 2707 873 2789 assumit,
890 2714 931 2777 ut
954 2730 1019 2800 per
1036 2711 1157 2782 omnia
1173 2734 1255 2803 per-

203 2833 311 2906 meet,
337 2825 386 2894 sio
412 2823 575 2894 humanae
600 2845 738 2915 semper
761 2821 849 2893 illud
875 2824 1086 2895 attributum
1118 2836 1185 2910 est,
1212 2824 1254 2899 ut

203 2940 307 3011 certis
342 2939 499 3011 locorum
529 2939 659 3009 finibus
688 2939 951 3031 circumscripta
985 2940 1042 3011 sit.
1094 2939 1253 3024 Quidam

203 3078 328 3148 corpus
354 3058 469 3150 ipsum
495 3079 586 3149 saepe
612 3056 745 3135 dicunt,
763 3063 802 3124 et
826 3055 975 3126 subinde
1001 3056 1136 3128 factum
1163 3082 1252 3133 eom.

203 3167 274 3252 Qui
288 3192 420 3242 errores
433 3193 556 3241 omues
568 3193 744 3241 sacrarum
758 3168 1018 3261 Scripturamm
1032 3173 1253 3249 authoritate

202 3287 252 3358 sic
269 3288 463 3383 corrigendi
490 3296 584 3370 sunt,
601 3294 643 3356 ut
660 3284 821 3356 Christus
843 3285 989 3357 meliore
1005 3296 1133 3360 natura
1151 3289 1253 3364 Deus

203 3405 438 3496 sempiternus
467 3404 670 3496 accipiatur,
696 3412 735 3473 et
761 3403 906 3495 quidem
936 3404 1079 3496 aequalis
1106 3408 1153 3478 sit
1179 3408 1252 3481 Dei

204 3519 342 3603 Patris;
380 3520 535 3590 humana
549 3512 555 3530 ⁶
569 3543 652 3589 vero
685 3542 811 3611 corpus
844 3519 974 3591 habeat
1007 3544 1053 3593 ex
1087 3531 1253 3617 tempore

203 3636 348 3719 factum,
376 3658 492 3728 neque
521 3635 646 3728 saepius
675 3658 781 3728 quam
812 3636 934 3723 semel,
960 3659 1075 3730 neque
1105 3662 1152 3709 ex
1180 3640 1254 3714 alia

202 3753 351 3823 maten'a
375 3776 480 3845 quarn
507 3776 552 3824 ex
580 3750 705 3822 Meriae
732 3751 874 3844 virginis
901 3775 983 3823 vera
1010 3763 1047 3824 et
1069 3754 1145 3827 sola
1166 3758 1254 3831 sub-

202 3872 341 3952 stantia,
368 3893 409 3940 ac
435 3869 734 3962 quemadmodum
760 3866 895 3960 reliqua
920 3868 1075 3942 humana
1103 3895 1255 3967 corpora

203 3986 274 4055 suis
291 3983 358 4055 loci
376 3985 504 4055 finibus
521 3983 834 4074 circumscriptum.

610 4176 619 4221 ¹
636 4187 684 4236 aut
699 4197 841 4237 numeros.

1279 296 1308 347 C.
