2692 4800
143 256 193 322 80
448 270 497 322 ns
522 268 881 323 nrmmnnmoumus
1206 268 1256 321 cr·

33 408 36 413 ’
143 449 246 519 aqua.
300 424 396 497 Nam
419 427 488 499 isto
511 425 618 497 modo
635 425 791 520 primum
808 423 879 497 Dei
895 424 1108 498 tentabatur
1122 448 1192 498 cnr·

144 543 353 638 nipotentia,
371 542 500 615 deinde
523 565 594 614 non
611 543 836 615 certitudinis
857 541 934 614 bec
953 551 1020 615 aut
1036 543 1192 617 veritatis

144 661 275 732 indicia
299 661 361 732 sed
378 683 479 732 casus
505 668 617 743 erant,
635 669 674 733 et
700 660 853 731 fortune
869 658 1035 733 ludibria.
1070 660 1192 734 Omnis

145 778 254 872 igitur
270 776 473 870 hujusmodi
496 774 652 869 pellatur
675 776 780 849 anilis
804 786 843 848 et
867 777 1116 871 superstitiosa
1136 778 1190 850 de·

146 895 277 977 fensi03
316 916 423 986 quam
456 893 486 964 si
520 893 599 985 quis
632 893 781 987 Posthac
814 893 989 977 attulerit,
1023 894 1190 967 arbitratu

140 1011 272 1104 judicis
293 1010 338 1081 ab
355 1009 418 1080 illo
441 1033 546 1103 poena
568 1019 738 1082 sumetur.
792 1008 842 1081 Et
857 1019 981 1083 tamen
998 1010 1189 1107 legitimam

145 1128 241 1198 idem
259 1125 472 1199 defensionis
489 1125 678 1198 formulam
695 1134 777 1219 post
794 1126 965 1200 adhibere
980 1133 1142 1223 cogetur.

361 1478 433 1550 DE
460 1475 979 1550 DILAPIDATIONIBUS.
1192 1504 1223 1570 39

200 1673 277 1760 Oap.
298 1693 324 1738 1.
349 1674 392 1738 Io
400 1673 541 1760 propriu
555 1671 682 1738 corbeiis
688 1672 896 1760 proprietarii
907 1671 1013 1741 debeat
1025 1675 1143 1741 oisemo

518 1776 639 1840 mam
651 1775 819 1864 prouidere.

197 1897 358 1970 Ecclesia
375 1922 456 1992 quae
476 1908 614 1969 certum
631 1897 786 1992 aliquem
808 1899 918 1971 habet
941 1923 983 1972 sc
1005 1900 1190 1974 baeredita·

145 2015 238 2086 rium
265 2037 509 2108 possessorem,
534 2016 563 2087 si
586 2038 652 2087 nec
675 2017 768 2088 aedes
792 2016 923 2089 habeat
948 2017 1132 2111 inquibus
1155 2042 1190 2092 se

146 2133 295 2204 vicarius
312 2130 486 2203 collocare
503 2133 625 2225 possit,
642 2155 710 2204 nec
727 2134 999 2207 convenientem
1018 2158 1138 2209 aream
1155 2138 1190 2209 in

144 2272 216 2342 qua
232 2250 359 2320 domus
380 2256 465 2319 ante
482 2249 597 2342 posita
615 2250 732 2334 fuerit,
749 2250 780 2320 si
797 2250 1043 2324 haereditarius
1059 2275 1192 2347 posses-

145 2388 204 2437 sor
219 2364 277 2437 vel
301 2365 435 2436 sedibus
457 2364 546 2449 aliis,
565 2364 621 2436 vel
638 2367 776 2459 praediis
793 2366 1064 2462 quibuscunque
1086 2369 1192 2443 inerit

145 2485 338 2554 instructus
363 2482 408 2553 ad
431 2483 492 2575 jus
517 2482 690 2555 Ecclesiae
719 2484 990 2577 pertinentibus,
1016 2485 1076 2558 rel
1102 2489 1192 2582 ipsas

145 2600 238 2671 sodes
262 2598 319 2669 vel
339 2598 464 2682 solum,
486 2598 523 2667 in
546 2622 617 2691 quo
641 2600 767 2671 domus
792 2599 956 2672 aedificari
982 2603 1104 2695 possit,
1121 2606 1192 2699 epi-

145 2737 272 2809 scopus
302 2714 347 2785 cd
372 2715 541 2784 vicarium
568 2715 785 2788 authoritate
810 2740 875 2789 sua
900 2728 1053 2805 sevooet,
1079 2723 1194 2815 prori-

145 2830 233 2903 dens
259 2832 295 2901 in
320 2830 400 2912 hoc,
426 2840 468 2902 ut
493 2831 641 2904 vicarius
668 2833 764 2903 omni
790 2856 837 2904 ex
866 2844 967 2928 parte
997 2837 1083 2908 satis
1109 2847 1195 2932 apte

146 2947 404 3039 commodeque
432 2947 573 3019 habitet
586 2946 609 3017 ¹.
663 2947 711 3020 Et
739 2948 815 3020 hooc
845 2950 989 3043 quidem
1019 2952 1193 3028 habitatio

146 3065 266 3138 vicarii
284 3066 452 3159 procedat
478 3064 645 3158 impensis
670 3065 882 3138 haereditarii
903 3072 1112 3163 possessoris
1137 3096 1194 3145 se·

145 3183 271 3267 clesiee,
289 3191 330 3253 ut
348 3182 441 3252 intra
459 3181 652 3253 triennium
670 3193 858 3276 postquam
882 3184 1111 3281 abepiscopo
1134 3189 1196 3261 sd·

145 3301 302 3371 monitus
327 3299 436 3371 fuerit
462 3299 619 3391 perfecte
641 3309 842 3371 extruetur.
893 3300 938 3372 In
962 3325 1035 3395 quo
1060 3305 1090 3375 si
1115 3328 1196 3400 pos-

144 3440 315 3489 sessorem
339 3416 524 3509 episcopus
547 3438 742 3510 repugnare
765 3417 906 3505 viderit,
924 3427 962 3489 et
985 3419 1081 3492 durae
1104 3430 1197 3495 trac-

145 3533 290 3604 tationis
315 3553 457 3602 causam
475 3553 551 3601 esse
576 3531 777 3615 crediderit,
793 3530 850 3602 vel
874 3531 1032 3604 ecclesiae
1057 3533 1196 3608 fructus

145 3651 189 3721 ab
207 3648 268 3719 illo
287 3647 466 3719 distineri²
483 3657 592 3731 curet,
613 3647 669 3718 vel
690 3648 803 3741 poenis
826 3647 928 3718 illum
945 3648 1196 3724 ecclesiasticis

145 3765 333 3835 devinciat.
361 3763 466 3847 Quod
484 3764 513 3835 si
531 3764 623 3833 forte
640 3787 706 3835 nec
723 3763 885 3856 proprius
902 3764 1087 3859 episcopus
1109 3768 1195 3841 satis

145 3883 220 3975 ipse
247 3879 457 3973 vigilaverit,
486 3881 673 3974 primarius
698 3880 893 3972 episcopus,
920 3903 1027 3973 quem
1061 3891 1193 3955 metro·

146 3996 341 4093 politanum
355 3997 595 4078 vocantium
607 4020 759 4078 causam,
771 4020 852 4068 cum
869 3996 914 4066 ad
933 4017 972 4067 se
985 3998 1193 4091 perferetur,

145 4121 335 4210 cognoscet
352 4136 393 4183 ao
411 4113 629 4206 dijudicabit.

310 4275 320 4319 1
335 4278 484 4336 habitabit.
855 4275 870 4321 2
884 4279 1029 4340 destineri.
