2692 4800
454 297 616 357 TABULA
637 296 888 356 TITULORUM.
1168 301 1196 357 lv

171 436 199 493 6.
221 432 424 494 Declinatorire
452 434 635 512 exceptiones
657 432 771 509 quando
796 433 854 490 sint
877 432 1060 509 opponenda,
1086 444 1116 491 et

249 534 363 609 quando
377 531 531 608 probanda
549 575 1064 590 ..........................
1094 550 1122 606 p.
1138 530 1194 604 283

169 647 196 708 7.
219 630 412 706 Exceptiones
426 628 562 687 dilatorias
575 630 689 704 quando
703 629 894 705 proponenda
908 638 938 686 et
950 628 1114 704 probandae.
1155 629 1194 686 ib.

167 731 196 786 8.
218 728 415 786 Declinatoria
428 728 559 803 exceptio
576 737 677 785 contra
694 727 820 804 judicem
839 736 905 784 ante
926 746 1026 784 omnes
1046 728 1114 785 alias

248 825 434 901 proponenda
450 869 1104 885 .................................
1138 822 1197 896 284

166 943 195 1000 9.
216 924 386 981 Terminum
400 941 462 980 esse
476 922 693 999 proponendum
707 921 744 978 ad
754 921 880 997 judicem
895 931 961 979 ante
974 922 1034 979 litis
1045 940 1113 980 con·

249 1021 432 1078 testationem
454 1020 490 1078 ad
513 1039 612 1077 omnes
637 1019 782 1076 dilatorias
805 1020 987 1095 exceptiones
1011 1040 1112 1097 propo·

249 1119 358 1175 nendas
367 1160 1104 1178 .....................................
1156 1117 1194 1174 ib.

150 1237 196 1275 10.
218 1217 344 1293 Tempus
358 1215 602 1292 proponendamm
616 1213 817 1290 exceptionum
831 1216 1113 1291 peremptoriarum..
1156 1216 1193 1272 ib.

149 1334 195 1373 ιι.
216 1315 290 1385 Quae
304 1314 486 1390 exceptiones
500 1320 654 1389 pertatem
669 1330 783 1370 causam
798 1313 882 1388 objici
898 1322 1018 1390 possunt
1036 1360 1061 1371 ..
1077 1359 1101 1370 ..
1136 1313 1172 1370 28
1175 1331 1191 1388 5

149 1434 195 1472 22.
218 1413 359 1488 Exceptio
382 1410 684 1470 excommunicationis
708 1410 786 1468 iutra
810 1420 876 1468 octo
899 1411 959 1469 dies
982 1419 1026 1468 est
1046 1430 1111 1485 pro·

248 1512 349 1569 banda
362 1553 1104 1570 .....................................
1155 1509 1192 1567 ib.

148 1629 196 1686 13.
221 1611 266 1668 De
280 1609 492 1686 exceptionibus
506 1608 604 1666 mixtis
607 1651 1102 1667 .........................
1153 1607 1192 1665 ib.

147 1725 197 1781 14.
221 1708 362 1766 Dilstoria
379 1707 480 1783 judicii
500 1725 664 1782 processum
686 1705 842 1781 impediens
860 1706 966 1763 omissa
979 1706 1007 1762 in
1021 1704 1113 1781 prima

249 1806 385 1864 instantia
398 1807 428 1863 in
443 1804 631 1881 appellatione
646 1822 702 1861 non
717 1804 822 1878 poterit
836 1803 921 1878 objici
931 1845 1101 1862 .........
1153 1803 1192 1860 ib.

148 1903 420 1982 15.Peremptoriae
442 1903 553 1960 omissae
575 1902 604 1959 in
625 1901 716 1976 prima
735 1900 872 1958 instantia
887 1909 1007 1976 possunt
1020 1901 1050 1958 in
1064 1920 1114 1976 ap.
1155 1902 1193 1959 ib.

247 2001 400 2079 pellatione
414 2000 499 2076 objici
507 2043 1103 2060 ..............................
1155 1999 1193 2056 ib.

146 2102 196 2161 16
219 2101 297 2172 Quid
311 2100 349 2158 sit
362 2098 518 2175 replicatio,
533 2107 562 2155 et
576 2097 689 2173 quando
703 2097 741 2154 sit
754 2096 901 2172 probanda
911 2142 1100 2155 ..........
1134 2095 1193 2153 286

147 2218 194 2274 27.
215 2202 263 2257 An
273 2198 364 2276 judex
378 2198 413 2256 de
428 2196 655 2273 replicationibus
669 2196 857 2271 pronunciare
871 2195 1016 2253 debeat..
1072 2241 1097 2252 ..
1152 2195 1192 2252 ib.

146 2301 195 2358 18.
218 2299 365 2368 Quantum
379 2296 470 2372 possit
483 2293 629 2371 replicatio
643 2293 718 2369 paris
732 2293 857 2351 criminis
871 2337 1099 2353 ............
1152 2292 1191 2350 ib.

145 2417 193 2474 19.
217 2397 321 2472 Neque
346 2394 489 2470 excipiens
511 2412 603 2468 neque
630 2392 770 2467 replicans
793 2393 889 2450 omnia
910 2392 1024 2457 fatetur,
1047 2410 1109 2466 qum

247 2495 316 2552 dicit
329 2492 495 2568 excipiendo
509 2493 555 2550 vel
569 2490 732 2567 replicando
750 2534 1102 2550 ..................
1154 2490 1192 2547 ib.

145 2613 193 2652 2ο.
215 2592 263 2650 De
281 2591 449 2666 exceptione
467 2599 568 2648 contra
581 2596 680 2654 testes,
695 2589 855 2665 cujusmodi
872 2588 918 2653 sit,
933 2596 962 2644 et
976 2587 1111 2663 quamdiu

243 2690 337 2747 valeat
341 2729 1099 2747 ......................................
1133 2684 1169 2742 28

144 2807 192 2847 21.
215 2787 263 2845 De
277 2786 444 2863 exceptione
458 2793 560 2842 contra
572 2791 670 2850 testes,
686 2792 714 2841 et
729 2782 911 2858 replicatione
925 2783 1057 2840 testium.
1075 2828 1100 2841 ..
1151 2699 1189 2840 ib7.

345 3050 397 3106 DE
415 3048 631 3105 SENTENTIA
650 3048 698 3103 ΕΤ
716 3047 765 3103 RE
782 3047 984 3104 JUDICATA.

165 3211 191 3250 1.
211 3192 307 3251 Judex
332 3190 445 3265 quando
466 3189 589 3265 allegata
611 3198 639 3246 et
658 3189 779 3263 probata
796 3189 875 3262 sequi
896 3195 990 3264 potest
1008 3196 1109 3245 contra

244 3288 447 3371 conscientiam
456 3330 1097 3347 ................................
1132 3287 1191 3344 288

164 3406 189 3445 2.
212 3387 307 3445 Judex
322 3385 444 3461 primum
458 3393 565 3443 certam
579 3384 724 3458 exquirere
739 3384 824 3441 debet
836 3383 904 3440 iacti
918 3382 1050 3440 notitiam
1068 3429 1094 3442 ..
1127 3383 1189 3459 289

161 3503 190 3557 3.
214 3484 327 3543 Deinde
341 3484 471 3560 exquirat
484 3482 560 3558 quod
574 3481 603 3539 iu
617 3482 694 3540 facto
705 3483 753 3558 jus
767 3481 806 3539 sit
827 3530 830 3538 .
845 3529 849 3537 .
869 3526 873 3533 .
887 3525 1098 3540 ...........
1152 3480 1190 3537 ib.

161 3604 192 3655 4.
215 3580 1097 3657 Siambigat,iavendumestreo....................
1132 3595 1190 3655 290

162 3699 190 3757 5.
213 3681 291 3750 Quid
305 3681 343 3738 sit
356 3678 497 3738 sententia
501 3721 1098 3736 ..............................
1149 3677 1188 3734 ib.

161 3781 189 3838 6.
212 3779 365 3849 Quomodo
380 3776 520 3834 sententia
534 3784 610 3832 recte
624 3774 732 3832 feratur
744 3819 1096 3834 ..................
1149 3775 1188 3834 ib.

163 3895 190 3951 7.
212 3875 425 3935 Sententiarum
440 3873 548 3949 species
560 3915 1097 3932 ...........................
1130 3891 1185 3949 292

162 3979 189 4035 8.
214 3975 259 4033 De
274 3972 415 4031 sententia
428 3971 664 4046 interloquutoria
680 4015 1096 4030 .....................
1148 3970 1187 4028 ib.

160 4096 188 4152 9.
211 4070 1097 4132 Descntentiadefinitiva..........................
1131 4086 1186 4142 292

144 4192 187 4230 ro.
210 4170 360 4229 Sententia
374 4169 520 4226 definitiva
534 4167 681 4227 retractari
695 4186 754 4224 non
767 4174 863 4242 potest
877 4165 931 4223 nisi
946 4173 1046 4221 contra
1058 4164 1107 4238 jus

239 4266 1096 4326 divinumleratur..............................
1130 4276 1185 4335 293
