2692 4800
248 275 316 330 xxvi
565 272 784 338 PRAEFATIO,
808 275 861 330 En.
875 286 961 350 1571.

248 427 417 491 observato
444 426 574 500 ordine;
607 434 644 490 ut
670 427 733 490 duo
757 426 790 488 hi
813 435 847 491 et
870 426 1003 511 triginta
1027 430 1122 510 (quos
1143 426 1291 510 diximus)

247 529 279 592 in
303 536 441 614 quatuor
462 529 578 593 classes
599 551 692 613 aequa
714 529 920 614 proportione
942 528 989 593 ita
1008 528 1238 607 dividerentur,
1260 538 1294 596 ut

247 632 280 694 in
311 631 443 718 singulis
472 630 645 696 ootonariis
674 632 737 695 duo
767 630 914 717 episcopi,
944 630 1008 695 duo
1037 630 1115 696 item
1144 631 1293 720 theologi,

246 756 418 819 rursusque
438 735 500 798 duo
519 733 601 818 juris
620 733 786 818 utriusque
806 734 952 799 similiter
968 740 1002 799 et
1022 734 1199 800 eommunis
1216 736 1294 820 juris

246 836 382 902 oonsulti
409 836 544 902 totidem
569 836 817 902 eontinerentur.
871 836 961 902 Inter
985 859 1065 922 quos
1089 837 1135 902 sio
1160 837 1294 925 deniquo

246 947 435 1004 conventum
462 947 521 1016 est,
548 948 585 1005 ut
611 941 696 1025 quod
722 940 755 1003 in
779 939 909 1026 singulis
934 940 1087 1006 elassibus
1113 941 1294 1006 oonolusum

245 1049 280 1106 et
303 1041 469 1106 definitum
491 1046 584 1117 esset
600 1040 634 1104 id
655 1062 713 1125 per
734 1038 871 1126 reliquas
893 1041 1009 1105 classes
1031 1040 1294 1107 considerandum

245 1151 343 1229 atque
364 1143 593 1228 inspioiendum
615 1142 898 1208 transmitteretur.
946 1144 1135 1229 Quanquam
1157 1166 1293 1209 remex

244 1246 305 1311 hoo
330 1247 398 1333 ipso
425 1245 510 1310 omni
539 1267 670 1310 numero
695 1251 768 1309 ooto
798 1245 998 1329 potissimum
1021 1247 1139 1312 seleota
1164 1247 1293 1313 fuerunt

246 1349 363 1436 eapite,
394 1349 507 1434 quibus
536 1348 639 1434 prima
668 1347 773 1432 operis
801 1347 1018 1432 praeformatio
1047 1348 1201 1435 quasique
1228 1373 1293 1416 ma

245 1451 335 1517 terioe
365 1450 559 1537 preparatio
589 1449 858 1530 oommittebatur,
890 1472 1025 1535 quorum
1053 1452 1183 1519 nomina
1211 1453 1293 1541 regis

246 1557 278 1620 in
297 1554 461 1620 Edouardi
480 1554 616 1641 epistole
634 1553 861 1638 comprehensa
880 1553 985 1619 videre
1003 1554 1108 1620 lioeat.

289 1659 398 1743 Atque
424 1659 484 1722 hoo
509 1659 604 1723 modo
627 1656 778 1721 oonl'eotae
800 1656 849 1720 hae
872 1656 999 1741 quidem
1022 1656 1107 1743 leges
1127 1664 1213 1736 sunt,
1229 1658 1292 1724 sire

245 1782 299 1826 eas
321 1761 550 1825 eoolesiastioas
572 1760 637 1825 sive
655 1758 801 1845 politicas
820 1758 978 1844 appellare
996 1759 1105 1826 libeat.
1150 1759 1292 1841 Quarum

244 1860 380 1927 materia
402 1862 445 1926 ab
471 1861 599 1945 optimis
629 1859 767 1946 undique
792 1860 914 1946 legibus
939 1860 1043 1945 petitu
1068 1860 1204 1939 videtur,
1229 1882 1290 1926 non

244 1963 346 2027 solum
368 1962 597 2040 eoelesiastiois‚
620 1963 676 2027 sed
699 1961 842 2027 civilibus
867 1961 976 2038 etiam,
1000 1969 1207 2048 veterumque
1229 1963 1290 2029 Ro·

244 2087 409 2131 manarum
430 2064 590 2151 praecipua
611 2064 813 2149 antiquitate.
858 2064 997 2129 Summoe
1019 2065 1139 2151 negotii
1162 2066 1291 2151 praefuit

81 2167 134 2264 ΨΘ
152 2186 170 2227 .’
246 2169 328 2233 Tho.
342 2169 541 2245 Oranmerus,
556 2167 721 2253 archiepis.
734 2167 827 2232 Oant.
841 2167 1004 2231 Orationis
1018 2168 1122 2232 lumen
1137 2176 1172 2233 et
1185 2168 1289 2255 splen·

174 2251 211 2330 ἰ
245 2271 355 2335 dorem
382 2270 508 2335 addidit
534 2269 706 2335 Gtralterus
731 2268 918 2344 Haddonus,
948 2268 996 2332 vir
1021 2269 1169 2347 disertus,
1196 2276 1231 2336 et
1258 2271 1290 2335 in

217 2374 306 2438 ‘hae
331 2372 402 2457 ipsa
423 2372 504 2457 juris
525 2373 678 2438 facultate
701 2395 763 2436 non
789 2372 964 2458 imperitus.
1018 2372 1102 2454 Quin
1127 2395 1186 2439 neo
1211 2374 1291 2441 satis

244 2476 310 2541 soio
329 2498 371 2541 an
385 2477 481 2541 Joan.
493 2476 588 2541 Obeei
608 2475 666 2540 viri
686 2475 852 2561 singularis
874 2475 977 2539 eidem
996 2475 1126 2562 negotio
1148 2478 1290 2564 adjutrix

241 2579 381 2644 adiuerit
405 2601 528 2645 manus.
574 2579 644 2659 Quo
668 2579 786 2643 laetum
811 2585 870 2653 est,
893 2586 931 2643 ιιι
956 2577 1082 2643 oultiori
1107 2578 1191 2663 stylo
1215 2603 1289 2645 oon·

243 2681 380 2748 cinnatae
405 2682 470 2747 sint
495 2682 566 2747 istae
593 2682 686 2767 leges,
714 2703 810 2765 quam
838 2702 897 2767 pro
926 2680 1083 2744 communi
1111 2690 1289 2748 ceterarum

243 2783 346 2870 legum
376 2807 471 2850 more.
526 2787 636 2870 Atque
664 2785 809 2869 equidem
838 2784 949 2848 lubens
979 2783 1126 2867 optarim,
1157 2784 1184 2848 si
1213 2786 1289 2872 quid

244 2888 325 2953 votis
347 2888 425 2953 meis
446 2889 639 2975 proficerem,
660 2896 698 2952 ut
720 2887 873 2952 consimili
896 2887 1049 2973 exemplo,
1067 2909 1125 2952 neo
1147 2887 1289 2956 dissimili

243 2991 339 3057 etiam
369 2992 513 3058 oratione
541 3014 579 3058 ao
607 2992 702 3077 stylo,
731 2990 877 3077 prosiliat
906 3011 990 3054 nuno
1019 2990 1142 3076 aliquis,
1173 2993 1229 3080 qui
1257 2993 1289 3058 in

244 3095 417 3160 vemaoulis
440 3095 557 3160 nostris
580 3095 701 3181 legibus
723 3092 934 3180 perpoliendis
956 3092 1040 3158 idem
1059 3093 1186 3172 efficiat,
1205 3097 1289 3181 quod

243 3198 276 3261 in
304 3197 523 3263 ecelesiastiois
552 3197 622 3263 istis
651 3196 805 3284 praestitit
839 3195 1019 3260 clarissimae
1049 3197 1210 3262 memorius
1239 3198 1290 3263 hio

243 3299 431 3365 Haddonus.

286 3402 350 3466 Sed
364 3402 433 3468 heeo
447 3402 579 3467 aliomm
594 3400 774 3486 relinquens
789 3399 999 3486 perpensioni,
1008 3401 1049 3464 ad
1061 3401 1290 3470 eeclesiastioas

242 3511 369 3568 nostras
389 3506 493 3584 redeo,
509 3527 580 3591 quae
596 3503 860 3590 quemadmodum
882 3502 1055 3567 elaboratae
1076 3502 1206 3580 luerint,
1223 3506 1289 3590 qui-

242 3608 364 3692 busque
385 3608 574 3673 authoribus
594 3606 793 3691 oonsoriptae,
805 3606 872 3690 jam
894 3604 1085 3689 aperuimus.
1131 3606 1290 3673 Restabat

243 3731 326 3774 nune
352 3710 392 3773 de
417 3709 542 3775 illarum
568 3709 726 3796 dignitate
748 3717 782 3773 et
808 3707 1021 3773 aestimatione
1044 3706 1163 3793 aliquid
1193 3732 1290 3794 porro

243 3811 319 3875 mihi
345 3812 572 3877 disserendum.
618 3813 680 3877 Sed
708 3811 784 3896 quia
808 3811 904 3874 nolim
929 3831 1000 3874 meo
1022 3810 1144 3896 judioio
1174 3814 1289 3878 ueteris

243 3937 447 4000 proeourrere,
457 3915 589 3980 liberam
604 3934 694 3979 suam
709 3913 821 3997 ouique
836 3933 1000 3976 censuram
1012 3912 1165 3998 relinquo.
1189 3914 1288 3982 Nobis

243 4027 295 4083 sat
316 4018 388 4095 erit,
404 4018 552 4103 quoniam
571 4015 763 4104 jampridem
785 4015 818 4078 in
840 4014 1054 4099 superioribus
1076 4019 1288 4082 monumentis

242 4119 361 4185 nostris
375 4119 530 4205 promissa
544 4126 631 4196 sunt,
645 4118 796 4183 studiosis
809 4117 981 4182 lectoribus
994 4117 1063 4181 haeo
1078 4119 1287 4203 proposuisse,

242 4245 305 4288 non
327 4230 364 4286 ut
387 4223 448 4286 vim
468 4222 550 4286 illioo
570 4222 675 4306 legum
693 4219 987 4303 authoritatemque
1007 4219 1150 4298 induant,
1175 4222 1230 4286 sed
1252 4230 1288 4286 ut
