2692 4800
197 267 263 329 330
581 262 852 327 APPENDIX.

240 446 289 502 23,
306 428 332 485 Β.
355 426 434 483 After
448 425 580 500 episcopo
595 426 643 481 Cr.
659 425 751 481 added
765 443 826 482 suo·

238 557 278 569 -
293 543 322 599 9.
345 524 427 582 After
441 542 508 580 vero
522 523 571 579 Cr.
587 523 679 580 added
692 522 816 597 episcopi
830 540 888 579 uon
902 530 969 579 snut
983 531 1012 578 et

238 655 279 666 —
298 642 306 679 ι
314 640 342 697 5.
362 623 423 679 Τὶιε
442 620 508 678 MS.
531 620 601 678 adds
623 621 661 677 Et
681 621 718 676 ad
739 639 792 677 uos
814 619 838 676 si
859 637 906 676 res
926 619 1049 677 deducta
1068 620 1164 684 fuerit,
1184 629 1243 678 tres

197 719 346 796 episcopos
368 704 496 776 adhiberi
515 719 646 774 volumus
669 717 697 774 in
723 719 840 775 scientia
863 736 1006 775 sacrarum
1027 717 1175 774 literanum
1199 718 1241 774 in-

198 817 410 881 structissimos,
430 826 460 872 et
481 816 517 872 ad
538 816 590 872 hos
610 817 716 872 assumi
735 817 807 873 dnos
824 817 843 874 J
845 817 903 874 uris
917 816 1016 875 Civilis
1029 816 1170 873 Doctores
1192 834 1243 872 usn

197 923 365 991 praestantes
383 923 412 971 et
431 913 560 972 doctrina
578 913 684 988 legum,
701 923 733 970 ut
754 915 789 970 ab
810 915 864 972 illis
887 923 949 972 tota
972 933 1058 972 causa
1081 913 1191 970 ratione
1213 923 1244 970 et

197 1011 296 1068 ordine
310 1010 475 1086 pertractari
488 1009 585 1084 possit
599 1009 637 1065 all
650 1009 750 1067 erased
762 1011 800 1086 by
811 1011 860 1068 Cr.

238 1139 279 1152 -
296 1126 343 1179 24·
365 1106 397 1165 Si
417 1125 485 1164 vero
509 1153 532 1163 ..
550 1153 572 1162 ..
594 1116 716 1163 emanet.
737 1109 836 1165 erased
856 1109 894 1185 by
909 1108 958 1165 Cr.
979 1108 1031 1164 but
1052 1107 1182 1165 restored
1204 1106 1241 1182 by

197 1205 310 1263 Purher.
352 1204 385 1261 In
400 1204 450 1261 the
465 1203 576 1278 margin
595 1203 619 1259 is
635 1203 693 1260 this
710 1212 777 1261 note
792 1204 821 1260 in
836 1204 937 1262 Foxe's
951 1204 1037 1268 hand,
1055 1204 1127 1260 Haec
1145 1204 1175 1261 in
1191 1222 1239 1261 ex·

196 1304 313 1379 emplari
329 1303 412 1360 Cant.
427 1310 513 1360 stant.

240 1418 288 1473 24.
309 1419 352 1478 ¹9·
374 1400 457 1458 After
470 1400 578 1456 fructus
593 1398 642 1455 Cr.
657 1400 749 1456 added
759 1399 887 1475 judicum
902 1398 1039 1457 arbitratu

237 1531 278 1540 —
295 1517 341 1555 21.
365 1499 446 1555 After
460 1507 489 1554 et
504 1496 554 1554 Cr.
570 1497 662 1554 added
675 1516 711 1554 ne
726 1497 858 1573 contagio
874 1506 969 1572 serpat
982 1498 1086 1554 erroris

240 1608 288 1671 25,
306 1614 353 1653 20.
376 1596 461 1653 After
482 1596 644 1671 puniendus
664 1595 715 1652 the
740 1595 806 1652 MS.
828 1597 881 1652 has
903 1595 948 1652 vel
973 1604 1004 1652 ut
1025 1595 1055 1651 in
1076 1604 1241 1670 perpetuum

197 1693 318 1770 pellatur
333 1694 445 1751 exilium
462 1694 506 1750 vel
525 1693 561 1749 ad
575 1701 695 1750 aeternas
714 1693 834 1750 carceris
848 1694 1023 1768 deprimatur
1035 1694 1179 1759 tenebras,
1194 1703 1241 1750 aut

197 1790 300 1865 alioqui
325 1810 376 1865 pro
398 1791 580 1865 magistratus
601 1789 733 1863 prudenti
757 1789 985 1847 consideratione
1013 1791 1189 1865 plectendus,
1211 1800 1241 1847 ut

196 1888 319 1945 maxime
340 1888 414 1945 illius
433 1885 612 1944 conversioni
632 1883 766 1961 expedire'
786 1887 926 1944 videbitur
947 1887 1089 1964 supposed
1109 1896 1141 1944 to
1161 1888 1197 1945 be
1213 1888 1241 1944 iu

198 1986 301 2043 Foxe’a
315 1987 401 2043 hand.

237 2115 278 2125 -
293 2083 344 2139 ult.
367 2101 436 2140 over
454 2081 629 2155 relapsurnm
646 2082 695 2138 the
716 2080 784 2139 MS.
798 2082 851 2139 has
869 2082 1024 2139 rediturum
1038 2082 1099 2138 ina
1113 2082 1241 2138 different

196 2179 284 2237 hand.

240 2294 286 2351 27,
306 2277 349 2334 16.
367 2275 541 2352 judicabitur
556 2274 605 2333 Cr.
621 2275 732 2334 instead
747 2277 779 2333 of
790 2277 940 2338 videbitur.

237 2405 278 2415 —-
294 2391 309 2428 a
312 2389 341 2445 3.
364 2372 449 2430 After
459 2371 627 2431 satisfecerit
636 2371 685 2431 Cr.
696 2373 789 2431 added
802 2374 878 2431 nulla
888 2375 928 2432 illi
939 2376 1042 2434 valebit
1056 2377 1239 2454 indulgentia.

218 2489 265 2527 nin

197 2490 216 2545 q
238 2601 278 2609 —
296 2585 309 2623 2
314 2579 342 2642 5.
365 2568 448 2625 After
463 2570 579 2627 consilia
593 2570 642 2627 the
657 2572 735 2626 word
750 2572 929 2646 percipienda
943 2576 1042 2632 erased
1056 2576 1094 2652 hy
1103 2576 1153 2633 Cr.

243 2685 290 2742 29,
310 2685 335 2723 2.
358 2666 533 2724 fervescente
560 2669 628 2725 MS.
644 2671 843 2727 effervescente

237 2797 277 2807 —
292 2783 322 2836 4.
345 2765 468 2824 divinam
496 2766 563 2822 MS.
580 2767 782 2824 divinissimam

238 2894 277 2904 —
294 2864 320 2919 8.
341 2863 494 2920 inscienter
521 2862 589 2919 MS.
605 2863 754 2920 inscientia

237 2990 278 3001 -—
296 2967 566 3034 19.c0nterreretur
593 2959 660 3017 MS.
677 2971 870 3019 contereretur

236 3074 286 3129 30,
305 3075 329 3130 7.
353 3057 489 3114 charitate
504 3077 557 3113 nos
571 3067 670 3115 mutua
696 3058 763 3115 MS.
779 3060 945 3119 charitatem
960 3062 1101 3121 internos
1116 3072 1239 3121 mutuam

238 3171 285 3225 31,
304 3172 350 3229 19.
372 3154 460 3209 fixum
490 3153 555 3210 MS.
571 3155 701 3211 suffixum

236 3267 285 3320 32,
302 3252 330 3307 8.
353 3252 536 3326 importatum
564 3252 632 3310 MS.
649 3263 857 3328 comportatum

235 3380 275 3389 —
293 3349 338 3404 16.
361 3349 397 3405 sit
426 3349 555 3405 habuerit
583 3350 647 3406 MS.
663 3351 695 3407 fit
723 3353 821 3410 habuit

237 3462 284 3519 35,
302 3464 330 3519 3.
354 3447 494 3504 abducant
522 3448 589 3504 MS.
605 3448 726 3506 abducat

236 3572 275 3585 -
289 3561 318 3617 9.
340 3544 484 3617 patiantur
511 3543 576 3601 MS.
593 3545 717 3619 patiatur

236 3672 275 3683 -
294 3660 337 3697 ro.
357 3642 519 3699 Christiana
546 3643 613 3700 MS.
629 3644 798 3702 Christianae
812 3645 957 3721 religionis

235 3769 276 3781 —-
296 3752 340 3814 15.
363 3741 448 3796 ullam
476 3739 543 3796 MS.
558 3741 634 3797 illam

237 3836 284 3908 36,
304 3854 349 3893 ιι.
371 3838 546 3911 perpendant
574 3838 640 3894 MS.
655 3839 816 3913 appendant

236 3949 284 4005 37,
300 3952 329 4007 3.
352 3935 562 4009 pervulgaverit
590 3934 657 3991 MS.
673 3938 894 4012 permulgavcrit

235 4061 275 4071 -
293 4048 338 4104 29·
362 4031 441 4087 After
462 4032 519 4088 this
539 4032 656 4107 chapter
676 4033 756 4090 there
776 4034 887 4091 follows
907 4035 934 4090 in
949 4035 997 4092 the
1012 4036 1078 4092 MS.
1095 4038 1240 4112 achapter

195 4125 312 4200 bearing
326 4127 383 4182 this
397 4128 468 4192 title,
485 4130 517 4184 In
534 4129 741 4186 cathedralibus
755 4131 883 4205 collegiis
901 4132 963 4205 quis
982 4132 1019 4188 sit
1037 4133 1108 4189 ordo
1127 4137 1238 4191 concio-

193 4239 271 4286 num,
286 4222 353 4279 with
373 4225 430 4280 this
448 4227 585 4300 marginal
605 4238 671 4284 note
691 4228 719 4282 in
740 4228 815 4284 Cr.'s
836 4229 965 4303 writing:
991 4231 1116 4288 Ponatur
1135 4232 1189 4288 hoc
1209 4233 1236 4288 in
