2692 4800
528 306 577 356 ca
602 305 821 357 uaeramus
1150 284 1196 356 17

145 461 358 531 erudiuntur
375 457 497 529 lideles
517 457 561 528 de
578 459 693 551 pretio
716 469 846 528 nostrae
864 455 1117 549 redemptionis
1134 477 1197 548 per

144 574 330 646 Christum
357 583 582 667 comparatae,
610 573 764 667 Spiritus
789 581 931 645 sanetus
956 582 994 643 et
1018 572 1132 666 gratia
1159 573 1196 641 in

144 691 328 763 mentibus
362 689 521 762 fidelium
549 688 715 762 uberius¹
744 691 945 773 instillatur,
980 700 1058 761 tum
1087 692 1197 761 etiam

144 807 262 878 fredus
278 808 374 901 quod
397 831 461 901 per
477 805 659 878 Christum
684 807 778 876 inter
795 808 913 877 Deum
938 814 976 875 et
998 828 1063 876 nos
1085 806 1196 875 ictum

143 935 213 1008 est,
240 926 497 1008 corroboratur,
527 938 569 997 ut
599 925 702 995 nobis
732 923 793 994 ille
820 926 982 1018 proprius
1009 925 1056 993 sit
1085 924 1196 1005 Deus,

144 1063 213 1112 nos
237 1040 290 1111 illi
317 1042 502 1134 peculiaris
527 1040 688 1135 populus,
716 1053 754 1110 et
789 1041 1015 1133 astringimus
1040 1039 1198 1131 nosipsos

144 1159 192 1229 ad
227 1167 454 1251 peccatorum
487 1157 730 1240 abolitionem,
764 1167 802 1227 et
835 1158 1077 1250 integritatem
1112 1156 1197 1225 vitae

144 1275 417 1368 suscipiendam.
469 1274 558 1359 Quae
587 1276 617 1346 si
648 1285 744 1346 recte
774 1273 1024 1367 ponderentur,
1055 1295 1198 1343 necesse

145 1400 204 1461 est
239 1399 280 1461 ut
313 1390 538 1462 obmutescat
572 1391 714 1461 illorum
759 1389 946 1471 calumnia,
976 1390 1037 1482 qui
1076 1389 1199 1460 Sacra·

144 1517 351 1577 mentorum
382 1510 523 1600 inopem
554 1507 690 1590 volunt,
723 1517 761 1577 et
791 1506 922 1576 nudam
954 1516 1116 1575 naturam
1146 1527 1200 1575 re·

144 1621 320 1714 linquere.

476 1719 552 1804 Gap.
569 1720 618 1784 18.
641 1719 691 1785 Do
704 1720 874 1804 Baptismo.

199 1840 341 1912 Deinde
373 1840 525 1912 crudelis
554 1840 695 1912 illorum
722 1844 887 1936 impietas
914 1843 951 1912 in
981 1843 1199 1935 baptismum

147 1958 263 2039 irruit,
281 1978 389 2049 quem
411 1958 606 2030 infantibus
630 1960 801 2051 impartiri
820 1959 956 2041 nolunt,
974 1961 1035 2031 sed
1053 1960 1197 2029 omnino

146 2070 249 2143 nulla
275 2073 423 2143 ratione.
476 2072 557 2144 Nec
587 2075 682 2144 enim
712 2077 829 2146 minus
858 2076 903 2145 ad
927 2075 1046 2146 Deum
1069 2085 1107 2145 et
1132 2073 1200 2144 Ec·

146 2189 293 2260 clesiam
307 2190 487 2282 pertinent
500 2188 781 2261 Christianorum
800 2193 962 2274 infantes,
977 2214 1082 2284 quam
1098 2188 1200 2261 liberi

147 2305 329 2399 quondam
346 2304 580 2376 Hebraeorum
597 2309 833 2400 pertinebant,
851 2309 980 2401 quibus
997 2308 1034 2377 in
1051 2306 1200 2377 infantia

147 2444 231 2492 cum
249 2422 469 2493 circumcisio
485 2421 723 2505 adhiberetur,
737 2427 865 2495 nostris
883 2425 991 2495 etiam
1005 2424 1202 2495 infantibus

149 2538 260 2608 debet
288 2537 484 2630 baptismus
513 2541 705 2620 admoveri,
736 2540 902 2632 quoniam
934 2541 1090 2633 ejusdem
1123 2563 1201 2632 pro-

150 2655 327 2725 missionis
360 2665 399 2724 et
432 2655 573 2726 foederis
607 2657 717 2726 divini
757 2658 945 2750 participes
980 2666 1073 2739 sunt,
1108 2665 1146 2726 et
1179 2680 1201 2727 a

151 2769 294 2842 Christo
310 2779 394 2840 sunt
410 2772 518 2841 etiam
538 2795 677 2843 summa
693 2796 775 2844 cum
792 2772 1015 2843 humanitate
1035 2775 1198 2865 suscepti.

152 2885 276 2957 Plures
298 2886 385 2956 item
403 2886 448 2957 ab
465 2886 543 2957 aliis
562 2887 789 2958 cumulantur
806 2910 940 2958 errores
957 2890 993 2958 in
1013 2888 1199 2980 baptismo,

150 3023 257 3092 quem
285 3001 393 3094 aliqui
423 3003 473 3073 sic
502 3003 647 3073 attoniti
675 3014 850 3096 spectant,
882 3014 922 3073 ut
956 3004 1001 3074 ab
1032 3005 1108 3097 ipso
1137 3004 1200 3076 illo

149 3125 301 3188 externo
323 3118 469 3188 credant
494 3117 674 3189 elemento
705 3119 877 3212 Spiritum
905 3129 1066 3191 sanctum
1089 3144 1202 3191 emer-

148 3257 243 3328 gere,
263 3234 405 3325 vimque
430 3235 507 3327 ejus
528 3233 698 3317 omnem²‚
716 3246 753 3307 et
777 3238 958 3319 virtutem,
983 3261 1028 3308 ex
1052 3260 1123 3329 qua
1148 3260 1202 3307 re·

149 3373 323 3434 creamur,
341 3360 379 3421 et
404 3353 553 3447 gratiam
581 3361 618 3423 et
644 3352 780 3445 reliquo
804 3376 850 3424 ex
876 3376 920 3423 eo
946 3353 1202 3446 proficiscentis

150 3469 244 3541 dona
260 3471 297 3539 in
315 3468 398 3561 ipsis
414 3469 581 3562 baptismi
598 3470 779 3541 fonticulis
796 3471 966 3540 innatare.
1002 3470 1046 3540 ln
1063 3493 1202 3542 summa

149 3593 265 3655 totam
279 3586 584 3678 regenerationem
602 3595 760 3656 nostram
774 3585 826 3655 illi
843 3608 942 3656 sacro
956 3595 1066 3678 puteo
1081 3586 1202 3656 deberi

150 3699 288 3784 volunt,
307 3702 367 3794 qui
386 3703 421 3771 in
440 3724 563 3773 sensus
579 3711 718 3773 nostros
735 3703 893 3773 incurrit.
945 3701 1082 3773 Verum
1109 3702 1202 3774 salus

149 3819 361 3899 animarum,
387 3817 596 3888 instauratio
620 3820 772 3911 spiritus,
797 3827 835 3890 et
857 3819 1071 3889 beneficium
1095 3820 1204 3912 adop-

150 3934 257 4005 tionis
270 3955 344 4026 quo
362 3956 426 4005 nos
444 3933 543 4004 Deus
560 3956 624 4027 pro
641 3934 722 4006 filiis
739 3936 909 4029 agnoscit,
926 3958 948 4005 a
965 3936 1203 4007 misericordia

150 4050 270 4122 diviua
294 4072 360 4143 per
380 4049 565 4119 Christum
588 4053 632 4121 ad
659 4074 722 4122 nos
749 4052 966 4134 dimanante,
990 4061 1068 4121 tum
1092 4053 1201 4122 etiam

148 4189 192 4237 ex
210 4165 447 4261 promissione
467 4167 572 4236 sacris
591 4167 624 4235 in
645 4166 837 4261 Scripturis
861 4177 1054 4260 apparente
1079 4191 1202 4260 prove·

316 4307 324 4341 ¹
342 4313 468 4370 ulterius,
897 4309 909 4348 ²
923 4333 1035 4372 nomen.

666 4417 688 4466 C
