2640 4806
83 319 110 388 φ
539 319 588 368 nn
612 319 779 411 spurcus.
1113 300 1184 374 193

133 484 205 546 test
227 476 263 544 in
282 498 325 546 ea
347 474 448 546 illum
467 474 656 545 declinare.
709 473 793 546 Non
813 472 955 542 videtur
977 470 1012 538 in
1024 469 1184 561 judicem

133 592 362 676 consensisse,
386 593 445 685 qui
477 592 534 662 edi
560 591 625 661 sibi
655 612 768 685 genus
794 589 888 682 apud
915 587 1068 657 eundem
1089 585 1186 678 judi-

132 729 212 779 cem
231 708 407 779 desiderat
426 708 584 779 actionis.

388 919 465 1006 (lap.
479 937 509 984 a.
532 916 764 1004 Dejadica'lw
782 918 933 1003 dolapctic.

184 1055 279 1128 Cum
291 1058 407 1150 judex
429 1058 624 1129 ordinarius
642 1080 752 1127 unum
770 1079 816 1126 ex
834 1055 992 1149 pluribus
1015 1053 1186 1148 delegatis

128 1174 293 1265 judicare
313 1181 419 1255 vetat,
438 1175 566 1244 ceteris
582 1174 619 1244 id
638 1173 861 1243 committere
880 1172 1029 1242 videtur.

371 1386 449 1473 Oap.
464 1408 494 1474 3.
521 1387 711 1472 Qciybdieas
725 1397 874 1473 ceqconm
888 1408 956 1450 ossa

188 1524 275 1597 Non
292 1548 415 1597 omnes
432 1525 593 1597 homines
616 1526 921 1597 indiscriminatim
935 1525 1074 1618 judices
1092 1521 1188 1594 dari²

136 1650 295 1734 possunt.
348 1641 502 1726 Quidam
523 1643 617 1712 enim
640 1651 768 1714 natura
785 1643 1037 1735 impediuntur,
1055 1650 1097 1710 ut
1114 1664 1188 1711 sur-

136 1757 217 1840 dus,
234 1767 366 1839 mutus,
383 1767 422 1828 et
438 1768 612 1851 perpetuo
629 1759 791 1842 furiosus,
809 1759 893 1851 quia
902 1757 1038 1850 judicio
1056 1767 1187 1827 carent.

138 1870 295 1954 Quidam
322 1871 401 1967 lege
425 1874 677 1966 impediuntur,
695 1883 737 1945 nt
762 1873 923 1960 infames,
945 1873 1088 1966 quidam
1112 1895 1188 1940 mo-

137 1987 245 2069 ribus,
269 1996 311 2057 ut
337 1990 491 2058 foeminae
518 1998 556 2059 et
583 1992 684 2074 servi,
708 2014 779 2060 non
806 1991 888 2083 quia
912 1990 1091 2082 judicium
1117 2011 1189 2059 non

137 2102 282 2185 habent,
316 2104 379 2175 sed
413 2106 495 2197 quia
529 2117 711 2198 receptum
746 2115 811 2186 est,
846 2113 887 2175 ut
921 2103 1082 2174 civilibus
1116 2126 1188 2173 non

138 2219 335 2313 fungantur
359 2219 510 2304 officiis;
546 2223 689 2314 quidam
716 2217 849 2303 aetate³,
879 2228 920 2290 ut
950 2220 1123 2314 impubes,
1151 2227 1189 2288 et

138 2336 255 2405 minor
285 2336 482 2407 octodecim
513 2338 623 2406 annis.
684 2335 787 2406 Tales
821 2337 916 2406 enim
944 2334 1082 2426 judices
1112 2358 1188 2405 esse

138 2474 210 2521 non
236 2452 485 2544 permittimus,
513 2452 619 2522 etiam
646 2453 675 2522 si
701 2475 746 2521 ex
773 2474 945 2523 consensu
971 2450 1188 2545 litigantium

139 2567 375 2660 postulentur.

399 2763 478 2849 Cap.
490 2785 521 2845 4.
546 2765 596 2828 De
610 2765 796 2829 recusatione
802 2764 929 2848 judicis.

190 2909 310 2981 Jndex
341 2912 448 2982 etiam
478 2911 673 2980 ordinarius
699 2920 816 3004 potest
842 2911 994 2981 recusari
1020 2934 1065 2982 ex
1092 2912 1188 2980 omui

138 3049 245 3098 causa
274 3049 337 3120 per
362 3024 488 3119 quam⁴
521 3026 758 3097 verisimiliter
788 3028 824 3095 in
856 3028 1011 3096 favorem
1043 3025 1189 3097 alterius

138 3144 249 3238 partis
266 3143 435 3215 inclinare
452 3145 685 3236 presumitur.
733 3143 804 3213 Sed
823 3145 881 3235 qui
901 3152 1049 3226 recusat,
1068 3165 1189 3215 causas

139 3260 250 3332 debet
276 3283 456 3353 exponere
481 3282 522 3330 ao
548 3258 754 3330 verisimiles
783 3258 980 3331 ostendere.
1032 3259 1071 3329 Si
1099 3260 1190 3330 alter

139 3399 187 3446 ex
221 3375 458 3471 litigatoribus
485 3377 644 3468 judicem
679 3375 794 3447 solum
829 3376 1017 3458 haeredem,
1051 3375 1107 3447 vel
1143 3400 1189 3446 ex

139 3502 251 3586 parte,
279 3491 360 3563 aut⁵
390 3503 619 3564 executorem
648 3493 783 3575 fecerit,
810 3492 900 3563 alius
922 3494 1037 3585 judex
1069 3516 1190 3563 neces-

139 3608 230 3680 sario
256 3610 451 3680 sumendus
475 3619 539 3691 est,
557 3610 640 3701 qnia
668 3608 827 3701 iniquum
855 3617 910 3679 est
936 3609 1090 3702 aliquem
1118 3632 1189 3680 suae

139 3726 191 3796 rei
215 3725 376 3816 judicem
406 3725 493 3795 fieri.
557 3723 827 3796 Observandum
858 3732 912 3794 est
943 3748 988 3796 ne
1018 3726 1047 3795 is
1074 3726 1188 3818 judex

139 3841 254 3921 detur,
272 3863 379 3933 quem
405 3840 517 3911 altera
542 3863 621 3933 pars
646 3841 853 3911 nominatim
882 3841 995 3932 petit;
1029 3842 1064 3911 id
1092 3843 1188 3912 enim

140 3957 252 4048 iniqui
273 3956 428 4050 exempli
451 3979 526 4027 esse
543 3958 756 4048 judicamus,
773 3957 838 4026 nisi
862 3956 929 4028 hoc
952 3957 1188 4049 specialitera

140 4073 243 4144 nobis
260 4073 306 4142 ob
324 4073 533 4167 dignitatem
546 4073 678 4164 judicis
696 4074 797 4166 petiti
817 4075 1053 4166 permittatur.

225 4231 232 4270 ¹
244 4237 368 4313 judiciis.
540 4234 675 4312 ²judices
689 4257 760 4296 esse.
928 4238 940 4276 ³
954 4246 1037 4296 aetaoe
1052 4258 1103 4295 orn.

402 4334 416 4372 ⁴
430 4355 514 4393 cansa
530 4355 594 4411 qna.
783 4337 858 4392 ‘aut
873 4355 925 4393 orn.

655 4455 678 4502 ο
