2692 4800
501 318 550 368 us
574 315 829 370 rusrausurrs.
1118 301 1189 368 143

159 545 233 632 Gap.
249 565 298 628 ¹4
326 543 390 617 Qui
404 565 456 609 nec
469 543 602 610 horodes
615 543 746 622 institui,
762 565 816 609 acc
831 545 995 630 lepotorum
1003 541 1178 630 participes

564 668 622 711 caso
630 655 767 733 possunt.

191 767 275 840 Nec
288 767 449 839 haeredes
465 769 706 851 instituentur,
724 792 789 840 nec
808 766 881 838 ullo
899 768 1071 839 beneficio
1089 776 1193 837 uten-

145 893 202 954 tur
217 893 527 967 testamentorum,
545 886 606 978 qui
626 885 822 979 pertinaces
841 892 924 954 sunt
943 884 1108 965 haeretioi,
1127 906 1192 953 nec

145 1001 203 1092 qui
222 1003 348 1072 mortis
365 1001 577 1072 sententiam
595 1010 819 1094 acceperuut,
834 1009 897 1071 aut
915 999 1012 1071 exilii
1029 1001 1190 1093 perpetui

146 1116 199 1188 rel
216 1119 343 1188 aeterni
362 1119 520 1200 carceris,
538 1142 604 1189 nec
622 1120 681 1211 qui
700 1118 936 1189 concubinatu
958 1140 995 1188 se
1017 1115 1191 1210 polluunt,

145 1255 209 1304 neo
227 1233 315 1304 duas
332 1234 391 1326 qui
411 1236 579 1329 conjuges
603 1258 674 1305 uno
692 1244 852 1327 tempore
869 1241 992 1303 contra
1010 1254 1115 1302 omne
1132 1232 1192 1323 jus

145 1361 181 1419 et
203 1350 256 1420 fas
281 1358 508 1433 conservant3
546 1373 611 1420 nec
637 1350 791 1420 foeminae
813 1371 961 1440 quarum
986 1349 1020 1417 in
1045 1347 1192 1418 crimine

145 1467 218 1559 pari
240 1489 304 1559 par
323 1476 378 1537 est
399 1466 513 1560 culpa.
565 1465 907 1536 Annumerabuutur
931 1464 1002 1534 huc
1027 1464 1087 1555 qui
1114 1487 1193 1556 pro·
1305 1454 1308 1459 ’

145 1589 347 1652 curatomm
377 1581 452 1654 ullo
482 1582 587 1652 modo
611 1580 665 1651 vei
697 1603 894 1673 sparsorum
922 1580 1079 1649 damuati
1109 1587 1192 1649 sunt

145 1697 354 1790 scriptorum
382 1697 577 1779 iufamium,
595 1720 672 1788 quae
697 1695 757 1766 lex
782 1695 895 1765 civilis
920 1694 1054 1764 famosa
1079 1703 1191 1774 vocat,

145 1813 205 1905 qui
223 1810 374 1884 lenoniis
392 1810 446 1882 vei
465 1812 672 1882 meretriciis
696 1811 869 1881 institutis
894 1809 1008 1902 palam
1032 1818 1191 1879 utuntur.

146 1926 332 2001 Pellentur
357 1928 464 1999 etiam
491 1929 719 1998 foeneratores
745 1927 791 1998 ab
815 1926 978 1996 omnibus
1001 1932 1194 1995 testamen-

145 2054 264 2114 torum
290 2043 549 2114 emolumentis.
605 2044 760 2136 Tempus
785 2052 906 2113 autem
933 2040 1020 2111 illud
1046 2041 1192 2112 minime

145 2168 338 2254 spectetur,
357 2161 481 2252 inquo
500 2167 754 2232 testamentum
772 2168 827 2230 est
844 2159 1059 2240 institutum,
1079 2157 1133 2228 vel
1155 2161 1192 2228 in

146 2300 217 2370 quo
248 2285 399 2348 testator
421 2288 474 2347 est
499 2277 574 2369 ipse
597 2287 769 2360 mortuno,
794 2276 854 2346 sed
881 2276 917 2344 in
948 2273 1009 2344 iilo
1032 2283 1193 2368 tempore

145 2415 373 2487 personarum
399 2415 515 2464 mores
544 2393 664 2463 excuti
695 2392 822 2485 placet,
848 2393 884 2462 iu
910 2416 981 2484 quo
1003 2390 1060 2461 vel
1085 2391 1193 2464 haere·

146 2507 239 2579 dites
261 2508 307 2578 ab
335 2507 404 2578 illis
432 2518 486 2579 est
511 2508 683 2590 adeunda,
706 2506 762 2578 vel
790 2508 908 2603 legata
931 2504 992 2578 iis¹
1019 2508 1192 2602 incipiunt

146 2623 279 2695 deberi.

230 2794 307 2880 Cap.
320 2814 370 2878 15.
392 2795 441 2858 Do
453 2796 563 2881 iniquo
578 2795 624 2860 ool
636 2794 813 2882 impossibili
827 2794 993 2860 conditione
1007 2795 1107 2882 lopati.

198 2917 237 2988 Si
255 2920 333 3011 quis
351 2940 426 2987 rem
444 2927 577 2989 certam
602 2919 637 2988 iu
662 2928 875 2990 testamento
898 2919 1063 3010 cuiquam
1086 2917 1192 3013 leget,

145 3034 387 3105 conditionem
419 3034 493 3105 rel2
518 3036 675 3127 iniquam
694 3034 750 3104 vel
776 3034 919 3127 impiam
937 3056 1126 3126 apponens,
1143 3032 1194 3106 le·

144 3150 301 3246 getarius
327 3173 402 3220 rem
423 3152 576 3232 amittet,
594 3152 660 3221 nisi
686 3150 792 3222 iidem
819 3174 917 3222 suam
943 3151 1195 3244 interposuerit

145 3289 185 3338 se
215 3267 455 3338 conditionem
485 3268 764 3360 repudiaturum.
828 3266 888 3339 Ad
919 3269 1014 3359 quod
1045 3267 1073 3338 si
1104 3269 1194 3340 nolit

145 3383 285 3464 adduci,
303 3383 421 3477 legata
437 3405 492 3453 res
511 3383 665 3475 episcopi
682 3383 854 3455 arbitratu
873 3384 909 3455 in
933 3384 1030 3477 pium
1050 3383 1193 3477 aliquod

146 3499 351 3569 institutum
369 3499 605 3591 impendatur.
657 3495 696 3568 Si
715 3520 798 3569 vero
816 3499 896 3570 talis
913 3498 1021 3569 fuerit
1036 3498 1194 3570 conditio

145 3637 229 3708 quoe
252 3636 322 3683 nou
346 3615 455 3705 possit
478 3615 646 3707 praestari,
664 3614 794 3686 frustra
810 3616 919 3686 debet
935 3615 1056 3687 addita
1073 3616 1193 3687 videri.

145 3728 373 3823 Quapropter
384 3728 586 3822 hujusmodi
603 3729 823 3801 conditiones
839 3753 905 3802 neo
921 3730 1100 3803 haeredum
1112 3732 1195 3824 jura

146 3867 213 3917 uec
234 3844 484 3940 legatariorum
508 3846 715 3939 impedient,
733 3849 924 3939 praesertim
947 3848 1013 3919 hoc
1031 3851 1058 3919 si
1077 3860 1195 3922 osten-

144 3961 274 4043 derint,
298 3983 337 4031 se
362 3961 517 4052 quidem,
539 3969 710 4052 quantum
741 3961 776 4029 in
803 3960 887 4053 ipsis
912 3961 1066 4052 positum
1091 3972 1194 4045 esset,

144 4076 381 4149 elaboravisse
400 4076 621 4147 conditiones
641 4086 683 4145 ut
703 4076 948 4169 procederent,
965 4100 1031 4149 nee
1054 4076 1194 4149 illorum

143 4192 339 4287 diligentia
356 4194 544 4287 quicquam
564 4192 728 4263 abfuisse.

394 4329 403 4375 l
421 4333 491 4407 ejus.
809 4330 883 4389 ²vei
898 4351 950 4388 our.
