2692 4800
508 321 555 372 ns
582 298 866 373 annumeratae.

200 861 271 934 DE
297 858 592 932 BENEFICIIS
619 855 1025 930 ECCLESIASTICIS
1050 855 1172 928 SINE

301 1000 666 1074 DIMINUTIONE
692 998 1071 1072 CONFERENDIS.

200 1200 279 1286 Gap.
295 1221 323 1265 1.
354 1197 465 1265 Nolle
486 1197 589 1263 deleat
611 1218 670 1262 ease
691 1208 872 1264 mercatore
894 1196 1165 1262 eecbaiaats'eomm

597 1323 765 1366 mmmm.

206 1443 355 1515 Frustra
371 1441 491 1536 legum
510 1450 564 1510 est
583 1440 696 1513 omnis
717 1441 932 1535 praestantia,
951 1439 1017 1510 nisi
1034 1438 1208 1534 flagitiosa

159 1559 379 1652 quorundam
410 1569 448 1629 et
475 1557 641 1629 immanis
666 1558 823 1639 avaritia,
842 1556 933 1650 juris
961 1553 1206 1626 salubritatem

157 1678 200 1748 ad
236 1699 301 1748 sua
333 1675 521 1746 commoda
554 1674 856 1767 detorquentium,
884 1673 989 1744 oertis
1023 1695 1206 1765 poenarum

158 1791 306 1864 vinculis
331 1791 549 1862 cohibeatur.
602 1790 747 1861 Etenim
774 1812 855 1860 oum
880 1789 949 1859 hoo
972 1811 994 1859 a
1015 1787 1206 1880 majoribus

156 1908 285 1980 nostris
309 1905 476 2000 praeelare
502 1905 735 1977 constitutum
764 1906 882 1986 fuerit,
908 1913 950 1975 ut
976 1903 1205 1976 ecelesiarum

154 2026 325 2098 ministris
351 2023 490 2108 uberes,
507 2032 545 2093 et
566 2021 706 2095 illorum
729 2020 924 2093 conditioni
941 2020 1205 2106 convenientes,

154 2142 292 2212 fruetus
324 2139 637 2233 suppeditarentur
670 2163 715 2211 ex
750 2139 820 2210 illis
853 2138 950 2222 loeis,
978 2139 1024 2210 ad
1054 2163 1204 2233 quorum

153 2257 435 2328 moderationem
466 2257 617 2350 appositi
650 2256 792 2339 fuerint,
821 2255 1079 2327 recentioribus
1109 2256 1205 2327 hisee

155 2373 374 2468 temporibus
403 2371 598 2444 multorum
631 2380 732 2443 tanta
765 2373 940 2465 cupiditas
973 2382 1204 2465 patronorum

154 2491 344 2574 iuvenitur,
366 2512 450 2582 opes
475 2490 633 2582 undique
659 2486 860 2582 colligendi,
882 2488 1063 2561 benefieiis
1088 2497 1131 2559 ut
1156 2511 1203 2562 ex

153 2610 225 2681 suis
255 2630 337 2679 oum
367 2605 429 2678 illa
458 2604 644 2687 collocant,
670 2604 824 2698 aliquam
850 2604 907 2676 vel
934 2605 980 2676 ad
1006 2626 1045 2676 se
1071 2603 1128 2677 vel
1157 2606 1203 2677 ad

153 2748 234 2798 suos
252 2723 460 2818 particulam
478 2732 656 2794 sevoeeut.

174 2935 252 3022 Gap.
264 2956 293 3004 a.
311 2935 477 3023 aarum
489 2935 532 3000 eit
543 2945 717 3001 mercatura
732 2958 888 3002 mammam
903 2937 1178 3003 eeekdostieorem.

202 3075 356 3160 Quidam
387 3076 523 3148 fructus
550 3075 802 3147 beneficiorum
827 3077 893 3169 ipsi
923 3075 1097 3172 eolligunt
1121 3077 1201 3148 uni-

153 3214 280 3274 versos,
311 3200 348 3262 et
377 3215 499 3263 eorum
530 3193 650 3264 omnia
679 3191 923 3264 emolumenta
957 3191 1013 3263 vel
1045 3193 1112 3264 sibi
1142 3192 1199 3265 vel

152 3309 222 3379 suis
244 3331 291 3378 ex
316 3317 420 3400 paeto
446 3305 654 3390 reservant1,
681 3307 837 3380 ecelesiae
867 3310 1036 3381 ministris
1061 3308 1199 3402 pensio-

151 3447 214 3495 nes
240 3433 354 3495 oertas
379 3424 546 3516 quasdam
570 3434 805 3520 aspergentes,
827 3434 865 3496 et
888 3424 967 3498 illas
992 3424 1107 3497 multo
1132 3426 1199 3499 mi-

151 3562 252 3612 nores
279 3563 386 3634 quam
409 3541 499 3610 ratio
520 3540 771 3613 beneficiorum
793 3541 973 3635 postulat:
1003 3542 1073 3626 alii,
1091 3541 1198 3636 paulo

150 3656 272 3727 mitius
299 3664 456 3751 agentes,
479 3656 590 3728 solam
616 3657 818 3750 hujusmodi
845 3668 974 3730 terram
1001 3660 1067 3731 sibi
1091 3670 1197 3759 paeto

149 3780 337 3865 seponunt,
355 3796 433 3866 quae
450 3772 585 3844 censeri
604 3782 722 3866 potest
739 3786 778 3846 et
796 3774 903 3868 vulgo
918 3775 1025 3870 gleba
1045 3777 1195 3851 dieitur:

148 3886 309 3959 nonnulli
335 3888 458 3960 domos
484 3891 663 3983 aooipiunt
688 3900 726 3962 et
756 3891 902 3962 aedifioia
929 3915 1007 3984 quae
1033 3892 1195 3966 solebant

147 4005 317 4076 ministris
350 4006 523 4076 concedi:
563 4004 689 4098 reliqui
720 4030 819 4100 paene
845 4029 968 4079 omnes
997 4032 1019 4079 a
1048 4007 1194 4080 misellis

145 4121 316 4193 ministris
354 4122 408 4193 vel
443 4144 595 4193 annuam
630 4124 836 4215 pensionem
871 4132 1103 4218 comportant,
1135 4125 1191 4195 rel

563 4341 570 4381 ยน
586 4354 773 4405 reservantur.
