<?xml version="1.0" encoding="UTF-8"?>
<!DOCTYPE html PUBLIC "-//W3C//DTD XHTML 1.0 Transitional//EN"
    "http://www.w3.org/TR/xhtml1/DTD/xhtml1-transitional.dtd">
<html xmlns="http://www.w3.org/1999/xhtml" xml:lang="en" lang="en">
 <head>
  <title>
</title>
<meta http-equiv="Content-Type" content="text/html;charset=utf-8" />
  <meta name='ocr-system' content='tesseract 3.04.00' />
  <meta name='ocr-capabilities' content='ocr_page ocr_carea ocr_par ocr_line ocrx_word'/>
</head>
<body>
  <div class='ocr_page' id='page_1' title='image "./reformationeccl01cardgoog_0296.png"; bbox 0 0 2692 4800; ppageno 0'>
   <div class='ocr_carea' id='block_1_1' title="bbox 491 312 1189 387">
    <p class='ocr_par' dir='ltr' id='par_1_1' title="bbox 491 312 1189 387">
     <span class='ocr_line' id='line_1_1' title="bbox 491 312 1189 387; baseline -0.003 -8"><span class='ocrx_word' id='word_1_1' title='bbox 491 328 541 379; x_wconf 82' lang='lat' dir='ltr'>nn</span> <span class='ocrx_word' id='word_1_2' title='bbox 565 326 863 381; x_wconf 80' lang='lat' dir='ltr'>eaoaxnonmus.</span> <span class='ocrx_word' id='word_1_3' title='bbox 1116 312 1189 387; x_wconf 71' lang='lat'>229</span> 
     </span>
    </p>
   </div>
   <div class='ocr_carea' id='block_1_2' title="bbox 282 587 1052 677">
    <p class='ocr_par' dir='ltr' id='par_1_2' title="bbox 282 587 1052 677">
     <span class='ocr_line' id='line_1_2' title="bbox 282 587 1052 677; baseline 0 -22"><span class='ocrx_word' id='word_1_4' title='bbox 282 588 361 673; x_wconf 83' lang='lat' dir='ltr'>Gap.</span> <span class='ocrx_word' id='word_1_5' title='bbox 375 588 425 653; x_wconf 91' lang='lat'>18.</span> <span class='ocrx_word' id='word_1_6' title='bbox 447 587 1052 677; x_wconf 55' lang='lat' dir='ltr'>&amp;commemorarent</span> 
     </span>
    </p>
   </div>
   <div class='ocr_carea' id='block_1_3' title="bbox 143 725 1320 1401">
    <p class='ocr_par' dir='ltr' id='par_1_3' title="bbox 143 725 1320 1401">
     <span class='ocr_line' id='line_1_3' title="bbox 195 725 1191 820; baseline 0 -23"><span class='ocrx_word' id='word_1_7' title='bbox 195 725 267 810; x_wconf 86' lang='lat' dir='ltr'>Qui</span> <span class='ocrx_word' id='word_1_8' title='bbox 294 725 376 797; x_wconf 90' lang='lat' dir='ltr'>dolo</span> <span class='ocrx_word' id='word_1_9' title='bbox 406 726 537 819; x_wconf 88' lang='lat' dir='ltr'>aliquid</span> <span class='ocrx_word' id='word_1_10' title='bbox 566 727 698 798; x_wconf 86' lang='lat' dir='ltr'>factum</span> <span class='ocrx_word' id='word_1_11' title='bbox 727 750 805 798; x_wconf 88' lang='lat' dir='ltr'>esse</span> <span class='ocrx_word' id='word_1_12' title='bbox 834 727 930 809; x_wconf 87' lang='lat' dir='ltr'>dicit,</span> <span class='ocrx_word' id='word_1_13' title='bbox 957 750 1019 797; x_wconf 87' lang='lat' dir='ltr'>seu</span> <span class='ocrx_word' id='word_1_14' title='bbox 1046 728 1191 820; x_wconf 89' lang='lat' dir='ltr'>excipit,</span> 
     </span>
     <span class='ocr_line' id='line_1_4' title="bbox 144 842 1270 936; baseline -0.006 -23"><span class='ocrx_word' id='word_1_15' title='bbox 144 844 221 936; x_wconf 87' lang='lat' dir='ltr'>ipse</span> <span class='ocrx_word' id='word_1_16' title='bbox 246 842 291 913; x_wconf 89' lang='lat' dir='ltr'>de</span> <span class='ocrx_word' id='word_1_17' title='bbox 315 842 398 914; x_wconf 84' lang='lat' dir='ltr'>dolo</span> <span class='ocrx_word' id='word_1_18' title='bbox 421 843 548 915; x_wconf 88' lang='lat' dir='ltr'>docere</span> <span class='ocrx_word' id='word_1_19' title='bbox 574 844 691 915; x_wconf 87' lang='lat' dir='ltr'>debet.</span> <span class='ocrx_word' id='word_1_20' title='bbox 744 844 788 914; x_wconf 91' lang='lat' dir='ltr'>ln</span> <span class='ocrx_word' id='word_1_21' title='bbox 814 843 1081 936; x_wconf 84' lang='lat' dir='ltr'>exceptionibus</span> <span class='ocrx_word' id='word_1_22' title='bbox 1106 867 1193 936; x_wconf 91' lang='lat' dir='ltr'>qno-</span> <span class='ocrx_word' id='word_1_23' title='bbox 1208 861 1270 929; x_wconf 88' lang='lat'>109</span> 
     </span>
     <span class='ocr_line' id='line_1_5' title="bbox 144 958 1194 1053; baseline 0.001 -23"><span class='ocrx_word' id='word_1_24' title='bbox 144 982 215 1051; x_wconf 90' lang='lat' dir='ltr'>que</span> <span class='ocrx_word' id='word_1_25' title='bbox 241 958 406 1029; x_wconf 84' lang='lat' dir='ltr'>omnibus</span> <span class='ocrx_word' id='word_1_26' title='bbox 435 981 515 1029; x_wconf 88' lang='lat' dir='ltr'>reus</span> <span class='ocrx_word' id='word_1_27' title='bbox 544 960 671 1032; x_wconf 86' lang='lat' dir='ltr'>actoris</span> <span class='ocrx_word' id='word_1_28' title='bbox 699 968 817 1053; x_wconf 87' lang='lat' dir='ltr'>partes</span> <span class='ocrx_word' id='word_1_29' title='bbox 842 960 1039 1040; x_wconf 78' lang='lat' dir='ltr'><strong>sustinebit,</strong></span> <span class='ocrx_word' id='word_1_30' title='bbox 1066 961 1194 1053; x_wconf 90' lang='lat' dir='ltr'>ipsam-</span> 
     </span>
     <span class='ocr_line' id='line_1_6' title="bbox 144 1074 1194 1168; baseline 0 -23"><span class='ocrx_word' id='word_1_31' title='bbox 144 1098 214 1168; x_wconf 88' lang='lat' dir='ltr'>que</span> <span class='ocrx_word' id='word_1_32' title='bbox 242 1075 492 1167; x_wconf 81' lang='lat' dir='ltr'>exceptionem</span> <span class='ocrx_word' id='word_1_33' title='bbox 518 1077 574 1164; x_wconf 81' lang='lat' dir='ltr'>(ut</span> <span class='ocrx_word' id='word_1_34' title='bbox 604 1083 703 1145; x_wconf 88' lang='lat' dir='ltr'>actor</span> <span class='ocrx_word' id='word_1_35' title='bbox 727 1097 825 1146; x_wconf 90' lang='lat' dir='ltr'>suam</span> <span class='ocrx_word' id='word_1_36' title='bbox 855 1074 1104 1163; x_wconf 83' lang='lat' dir='ltr'>intentionem)</span> <span class='ocrx_word' id='word_1_37' title='bbox 1129 1076 1194 1145; x_wconf 91' lang='lat' dir='ltr'>im·</span> 
     </span>
     <span class='ocr_line' id='line_1_7' title="bbox 143 1186 1194 1284; baseline -0.001 -23"><span class='ocrx_word' id='word_1_38' title='bbox 143 1190 243 1284; x_wconf 87' lang='lat' dir='ltr'>plere</span> <span class='ocrx_word' id='word_1_39' title='bbox 281 1186 449 1284; x_wconf 83' lang='lat' dir='ltr'>cogitur¹.</span> <span class='ocrx_word' id='word_1_40' title='bbox 512 1188 583 1273; x_wconf 86' lang='lat' dir='ltr'>Qui</span> <span class='ocrx_word' id='word_1_41' title='bbox 622 1200 795 1262; x_wconf 85' lang='lat' dir='ltr'>mutatam</span> <span class='ocrx_word' id='word_1_42' title='bbox 836 1190 1057 1261; x_wconf 89' lang='lat' dir='ltr'>voluntatem</span> <span class='ocrx_word' id='word_1_43' title='bbox 1096 1190 1194 1274; x_wconf 90' lang='lat' dir='ltr'>dicit,</span> 
     </span>
     <span class='ocr_line' id='line_1_8' title="bbox 143 1285 1320 1401; baseline -0.001 -24"><span class='ocrx_word' id='word_1_44' title='bbox 143 1305 293 1401; x_wconf 85' lang='lat' dir='ltr'>probare</span> <span class='ocrx_word' id='word_1_45' title='bbox 312 1304 381 1375; x_wconf 90' lang='lat' dir='ltr'>boc</span> <span class='ocrx_word' id='word_1_46' title='bbox 405 1324 548 1375; x_wconf 88' lang='lat' dir='ltr'>necesse</span> <span class='ocrx_word' id='word_1_47' title='bbox 570 1304 689 1376; x_wconf 88' lang='lat' dir='ltr'>habet.</span> <span class='ocrx_word' id='word_1_48' title='bbox 1313 1285 1320 1298; x_wconf 62' lang='grc'><strong>’</strong></span> 
     </span>
    </p>
   </div>
   <div class='ocr_carea' id='block_1_4' title="bbox 145 1510 1197 1968">
    <p class='ocr_par' dir='ltr' id='par_1_4' title="bbox 145 1510 1197 1968">
     <span class='ocr_line' id='line_1_9' title="bbox 209 1510 1129 1601; baseline 0.003 -23"><span class='ocrx_word' id='word_1_49' title='bbox 209 1511 287 1599; x_wconf 80' lang='lat' dir='ltr'>Gap.</span> <span class='ocrx_word' id='word_1_50' title='bbox 303 1532 352 1598; x_wconf 89' lang='lat'>19·</span> <span class='ocrx_word' id='word_1_51' title='bbox 377 1510 635 1596; x_wconf 73' lang='lat' dir='ltr'>Adpotandom</span> <span class='ocrx_word' id='word_1_52' title='bbox 649 1532 685 1575; x_wconf 83' lang='lat' dir='ltr'>ea</span> <span class='ocrx_word' id='word_1_53' title='bbox 699 1534 768 1597; x_wconf 77' lang='lat' dir='ltr'>que</span> <span class='ocrx_word' id='word_1_54' title='bbox 781 1515 863 1580; x_wconf 75' lang='lat' dir='ltr'>otttt</span> <span class='ocrx_word' id='word_1_55' title='bbox 874 1515 1129 1601; x_wconf 73' lang='lat' dir='ltr'>eoummjurant,</span> 
     </span>
     <span class='ocr_line' id='line_1_10' title="bbox 522 1614 815 1682; baseline 0.003 -1"><span class='ocrx_word' id='word_1_56' title='bbox 522 1636 608 1681; x_wconf 78' lang='lat' dir='ltr'>mmo</span> <span class='ocrx_word' id='word_1_57' title='bbox 622 1614 815 1682; x_wconf 75' lang='lat' dir='ltr'>admittatur.</span> 
     </span>
     <span class='ocr_line' id='line_1_11' title="bbox 194 1750 1196 1848; baseline 0.002 -22"><span class='ocrx_word' id='word_1_58' title='bbox 194 1756 256 1826; x_wconf 85' lang='lat' dir='ltr'>Ad</span> <span class='ocrx_word' id='word_1_59' title='bbox 288 1753 533 1848; x_wconf 84' lang='lat' dir='ltr'>probationem</span> <span class='ocrx_word' id='word_1_60' title='bbox 565 1750 660 1824; x_wconf 89' lang='lat' dir='ltr'>illius</span> <span class='ocrx_word' id='word_1_61' title='bbox 686 1757 738 1825; x_wconf 89' lang='lat' dir='ltr'>rei</span> <span class='ocrx_word' id='word_1_62' title='bbox 767 1779 873 1828; x_wconf 89' lang='lat' dir='ltr'>nemo</span> <span class='ocrx_word' id='word_1_63' title='bbox 905 1758 1046 1829; x_wconf 78' lang='lat' dir='ltr'>admitti</span> <span class='ocrx_word' id='word_1_64' title='bbox 1077 1758 1196 1842; x_wconf 89' lang='lat' dir='ltr'>debet,</span> 
     </span>
     <span class='ocr_line' id='line_1_12' title="bbox 145 1868 1197 1968; baseline 0.002 -26"><span class='ocrx_word' id='word_1_65' title='bbox 145 1895 224 1965; x_wconf 84' lang='lat' dir='ltr'>quae</span> <span class='ocrx_word' id='word_1_66' title='bbox 247 1870 357 1942; x_wconf 87' lang='lat' dir='ltr'>etiam</span> <span class='ocrx_word' id='word_1_67' title='bbox 378 1870 526 1963; x_wconf 89' lang='lat' dir='ltr'>probata</span> <span class='ocrx_word' id='word_1_68' title='bbox 551 1868 638 1940; x_wconf 82' lang='lat' dir='ltr'>nihii</span> <span class='ocrx_word' id='word_1_69' title='bbox 665 1871 850 1958; x_wconf 87' lang='lat' dir='ltr'>relevaret,</span> <span class='ocrx_word' id='word_1_70' title='bbox 868 1897 914 1944; x_wconf 90' lang='lat' dir='ltr'>no</span> <span class='ocrx_word' id='word_1_71' title='bbox 939 1883 976 1946; x_wconf 93' lang='lat' dir='ltr'>et</span> <span class='ocrx_word' id='word_1_72' title='bbox 1001 1886 1120 1968; x_wconf 87' lang='lat' dir='ltr'>partes</span> <span class='ocrx_word' id='word_1_73' title='bbox 1144 1876 1197 1945; x_wconf 91' lang='lat' dir='ltr'>in·</span> 
     </span>
    </p>
   </div>
   <div class='ocr_carea' id='block_1_5' title="bbox 144 1988 1198 2176">
    <p class='ocr_par' dir='ltr' id='par_1_5' title="bbox 144 1988 1198 2176">
     <span class='ocr_line' id='line_1_13' title="bbox 144 1988 1198 2085; baseline 0.003 -26"><span class='ocrx_word' id='word_1_74' title='bbox 144 1988 271 2059; x_wconf 84' lang='lat' dir='ltr'>auibus</span> <span class='ocrx_word' id='word_1_75' title='bbox 303 1988 466 2081; x_wconf 81' lang='lat' dir='ltr'>expensis</span> <span class='ocrx_word' id='word_1_76' title='bbox 495 1996 696 2071; x_wconf 87' lang='lat' dir='ltr'>onerentur,</span> <span class='ocrx_word' id='word_1_77' title='bbox 724 1998 762 2060; x_wconf 85' lang='lat' dir='ltr'>et</span> <span class='ocrx_word' id='word_1_78' title='bbox 792 1989 873 2061; x_wconf 90' lang='lat' dir='ltr'>lites</span> <span class='ocrx_word' id='word_1_79' title='bbox 901 1990 980 2085; x_wconf 90' lang='lat' dir='ltr'>plus</span> <span class='ocrx_word' id='word_1_80' title='bbox 1000 1993 1102 2085; x_wconf 89' lang='lat' dir='ltr'>justo</span> <span class='ocrx_word' id='word_1_81' title='bbox 1131 1992 1198 2063; x_wconf 86' lang='lat' dir='ltr'>dif-</span> 
     </span>
     <span class='ocr_line' id='line_1_14' title="bbox 146 2105 315 2176; baseline 0.006 -2"><span class='ocrx_word' id='word_1_82' title='bbox 146 2105 315 2176; x_wconf 81' lang='lat' dir='ltr'>ferantur.</span> 
     </span>
    </p>
   </div>
   <div class='ocr_carea' id='block_1_6' title="bbox 226 2310 1124 2418">
    <p class='ocr_par' dir='ltr' id='par_1_6' title="bbox 226 2310 1124 2418">
     <span class='ocr_line' id='line_1_15' title="bbox 226 2310 1124 2418; baseline 0 -21"><span class='ocrx_word' id='word_1_83' title='bbox 226 2330 304 2416; x_wconf 76' lang='lat' dir='ltr'>Gap.</span> <span class='ocrx_word' id='word_1_84' title='bbox 319 2310 370 2397; x_wconf 63' lang='grc' dir='ltr'>ΞΟ.</span> <span class='ocrx_word' id='word_1_85' title='bbox 396 2329 523 2410; x_wconf 77' lang='lat' dir='ltr'>Quaado</span> <span class='ocrx_word' id='word_1_86' title='bbox 537 2332 682 2418; x_wconf 69' lang='lat' dir='ltr'>musonio</span> <span class='ocrx_word' id='word_1_87' title='bbox 696 2329 831 2396; x_wconf 77' lang='lat' dir='ltr'>monibus</span> <span class='ocrx_word' id='word_1_88' title='bbox 837 2329 1069 2418; x_wconf 75' lang='lat' dir='ltr'>probationibus</span> <span class='ocrx_word' id='word_1_89' title='bbox 1083 2330 1124 2397; x_wconf 83' lang='lat' dir='ltr'>rit</span> 
     </span>
    </p>
   </div>
   <div class='ocr_carea' id='block_1_7' title="bbox 564 2435 774 2521">
    <p class='ocr_par' dir='ltr' id='par_1_7' title="bbox 564 2435 774 2521">
     <span class='ocr_line' id='line_1_16' title="bbox 564 2435 774 2521; baseline -0.01 -21"><span class='ocrx_word' id='word_1_90' title='bbox 564 2435 774 2521; x_wconf 73' lang='lat' dir='ltr'>preferenda.</span> 
     </span>
    </p>
   </div>
   <div class='ocr_carea' id='block_1_8' title="bbox 145 2573 1201 3458">
    <p class='ocr_par' dir='ltr' id='par_1_8' title="bbox 145 2573 1201 3458">
     <span class='ocr_line' id='line_1_17' title="bbox 199 2573 1199 2669; baseline 0.003 -25"><span class='ocrx_word' id='word_1_91' title='bbox 199 2573 432 2644; x_wconf 83' lang='lat' dir='ltr'>Probationes</span> <span class='ocrx_word' id='word_1_92' title='bbox 461 2597 584 2647; x_wconf 87' lang='lat' dir='ltr'>omnes</span> <span class='ocrx_word' id='word_1_93' title='bbox 612 2575 821 2646; x_wconf 86' lang='lat' dir='ltr'>confessioni</span> <span class='ocrx_word' id='word_1_94' title='bbox 850 2576 959 2669; x_wconf 87' lang='lat' dir='ltr'>partis</span> <span class='ocrx_word' id='word_1_95' title='bbox 986 2576 1114 2646; x_wconf 88' lang='lat' dir='ltr'>merito</span> <span class='ocrx_word' id='word_1_96' title='bbox 1141 2599 1199 2647; x_wconf 90' lang='lat' dir='ltr'>ce-</span> 
     </span>
     <span class='ocr_line' id='line_1_18' title="bbox 147 2689 1199 2785; baseline 0.002 -23"><span class='ocrx_word' id='word_1_97' title='bbox 147 2693 232 2762; x_wconf 87' lang='lat' dir='ltr'>dere</span> <span class='ocrx_word' id='word_1_98' title='bbox 249 2689 391 2761; x_wconf 87' lang='lat' dir='ltr'>debent.</span> <span class='ocrx_word' id='word_1_99' title='bbox 444 2689 529 2761; x_wconf 84' lang='lat' dir='ltr'>Sive</span> <span class='ocrx_word' id='word_1_100' title='bbox 546 2692 655 2785; x_wconf 80' lang='lat' dir='ltr'>igitur</span> <span class='ocrx_word' id='word_1_101' title='bbox 672 2702 794 2762; x_wconf 82' lang='lat' dir='ltr'>contra</span> <span class='ocrx_word' id='word_1_102' title='bbox 814 2692 1058 2777; x_wconf 85' lang='lat' dir='ltr'>instrumenta,</span> <span class='ocrx_word' id='word_1_103' title='bbox 1076 2702 1199 2776; x_wconf 85' lang='lat' dir='ltr'>testes,</span> 
     </span>
     <span class='ocr_line' id='line_1_19' title="bbox 145 2806 1199 2888; baseline 0 -9"><span class='ocrx_word' id='word_1_104' title='bbox 145 2817 210 2880; x_wconf 91' lang='lat' dir='ltr'>aut</span> <span class='ocrx_word' id='word_1_105' title='bbox 233 2806 457 2888; x_wconf 81' lang='lat' dir='ltr'>sententiam,</span> <span class='ocrx_word' id='word_1_106' title='bbox 480 2808 517 2876; x_wconf 91' lang='lat' dir='ltr'>in</span> <span class='ocrx_word' id='word_1_107' title='bbox 541 2807 696 2879; x_wconf 83' lang='lat' dir='ltr'>favorem</span> <span class='ocrx_word' id='word_1_108' title='bbox 723 2831 827 2879; x_wconf 90' lang='lat' dir='ltr'>sunm</span> <span class='ocrx_word' id='word_1_109' title='bbox 854 2809 1094 2880; x_wconf 81' lang='lat' dir='ltr'>introductam</span> <span class='ocrx_word' id='word_1_110' title='bbox 1124 2811 1199 2880; x_wconf 87' lang='lat' dir='ltr'>sive</span> 
     </span>
     <span class='ocr_line' id='line_1_20' title="bbox 147 2922 1198 3018; baseline 0.001 -22"><span class='ocrx_word' id='word_1_111' title='bbox 147 2925 269 3006; x_wconf 88' lang='lat' dir='ltr'>latam,</span> <span class='ocrx_word' id='word_1_112' title='bbox 299 2922 431 3015; x_wconf 88' lang='lat' dir='ltr'>aliquid</span> <span class='ocrx_word' id='word_1_113' title='bbox 462 2924 661 3008; x_wconf 86' lang='lat' dir='ltr'>confitetur,</span> <span class='ocrx_word' id='word_1_114' title='bbox 692 2925 809 2995; x_wconf 86' lang='lat' dir='ltr'>locum</span> <span class='ocrx_word' id='word_1_115' title='bbox 843 2948 983 3018; x_wconf 84' lang='lat' dir='ltr'>semper</span> <span class='ocrx_word' id='word_1_116' title='bbox 1011 2926 1198 3010; x_wconf 88' lang='lat' dir='ltr'>obtinebit,</span> 
     </span>
     <span class='ocr_line' id='line_1_21' title="bbox 147 3038 1201 3131; baseline 0 -18"><span class='ocrx_word' id='word_1_117' title='bbox 147 3039 332 3113; x_wconf 81' lang='lat' dir='ltr'>contrariis</span> <span class='ocrx_word' id='word_1_118' title='bbox 358 3038 623 3131; x_wconf 88' lang='lat' dir='ltr'>probationibus</span> <span class='ocrx_word' id='word_1_119' title='bbox 648 3064 721 3112; x_wconf 92' lang='lat' dir='ltr'>non</span> <span class='ocrx_word' id='word_1_120' title='bbox 747 3041 1008 3124; x_wconf 86' lang='lat' dir='ltr'>obsistentibus,</span> <span class='ocrx_word' id='word_1_121' title='bbox 1035 3043 1100 3112; x_wconf 86' lang='lat' dir='ltr'>nisi</span> <span class='ocrx_word' id='word_1_122' title='bbox 1126 3043 1201 3113; x_wconf 85' lang='lat' dir='ltr'>ani-</span> 
     </span>
     <span class='ocr_line' id='line_1_22' title="bbox 146 3155 1201 3252; baseline 0.002 -25"><span class='ocrx_word' id='word_1_123' title='bbox 146 3178 215 3227; x_wconf 85' lang='lat' dir='ltr'>mae</span> <span class='ocrx_word' id='word_1_124' title='bbox 240 3155 438 3248; x_wconf 87' lang='lat' dir='ltr'>periculum</span> <span class='ocrx_word' id='word_1_125' title='bbox 465 3157 502 3226; x_wconf 95' lang='lat' dir='ltr'>in</span> <span class='ocrx_word' id='word_1_126' title='bbox 530 3180 635 3228; x_wconf 84' lang='lat' dir='ltr'>causa</span> <span class='ocrx_word' id='word_1_127' title='bbox 662 3166 829 3240; x_wconf 85' lang='lat' dir='ltr'>vertatur,</span> <span class='ocrx_word' id='word_1_128' title='bbox 853 3166 916 3228; x_wconf 91' lang='lat' dir='ltr'>aut</span> <span class='ocrx_word' id='word_1_129' title='bbox 942 3157 1038 3252; x_wconf 81' lang='lat' dir='ltr'>leges</span> <span class='ocrx_word' id='word_1_130' title='bbox 1063 3157 1201 3231; x_wconf 83' lang='lat' dir='ltr'>confes-</span> 
     </span>
     <span class='ocr_line' id='line_1_23' title="bbox 147 3271 1200 3367; baseline 0.003 -24"><span class='ocrx_word' id='word_1_131' title='bbox 147 3271 238 3343; x_wconf 91' lang='lat' dir='ltr'>sioni</span> <span class='ocrx_word' id='word_1_132' title='bbox 261 3271 464 3364; x_wconf 82' lang='lat' dir='ltr'>hujusmodi</span> <span class='ocrx_word' id='word_1_133' title='bbox 486 3272 662 3354; x_wconf 88' lang='lat' dir='ltr'>resistant,</span> <span class='ocrx_word' id='word_1_134' title='bbox 678 3280 716 3342; x_wconf 87' lang='lat' dir='ltr'>et</span> <span class='ocrx_word' id='word_1_135' title='bbox 733 3273 800 3343; x_wconf 91' lang='lat' dir='ltr'>nisi</span> <span class='ocrx_word' id='word_1_136' title='bbox 820 3273 991 3345; x_wconf 86' lang='lat' dir='ltr'>confessio</span> <span class='ocrx_word' id='word_1_137' title='bbox 1008 3297 1071 3367; x_wconf 93' lang='lat' dir='ltr'>pro</span> <span class='ocrx_word' id='word_1_138' title='bbox 1095 3297 1200 3346; x_wconf 87' lang='lat' dir='ltr'>causa</span> 
     </span>
     <span class='ocr_line' id='line_1_24' title="bbox 147 3386 483 3458; baseline -0.006 0"><span class='ocrx_word' id='word_1_139' title='bbox 147 3386 350 3458; x_wconf 85' lang='lat' dir='ltr'>confitentis</span> <span class='ocrx_word' id='word_1_140' title='bbox 367 3386 483 3457; x_wconf 85' lang='lat' dir='ltr'>faciat.</span> 
     </span>
    </p>
   </div>
   <div class='ocr_carea' id='block_1_9' title="bbox 169 3608 1179 3802">
    <p class='ocr_par' dir='ltr' id='par_1_9' title="bbox 169 3608 1179 3802">
     <span class='ocr_line' id='line_1_25' title="bbox 169 3608 1179 3700; baseline 0.002 -23"><span class='ocrx_word' id='word_1_141' title='bbox 169 3610 249 3697; x_wconf 83' lang='lat' dir='ltr'>Gap.</span> <span class='ocrx_word' id='word_1_142' title='bbox 263 3628 315 3675; x_wconf 85' lang='lat'>21.</span> <span class='ocrx_word' id='word_1_143' title='bbox 340 3608 541 3675; x_wconf 78' lang='lat' dir='ltr'>Probationes</span> <span class='ocrx_word' id='word_1_144' title='bbox 555 3610 665 3689; x_wconf 71' lang='lat' dir='ltr'>rabat,</span> <span class='ocrx_word' id='word_1_145' title='bbox 681 3614 775 3677; x_wconf 77' lang='lat' dir='ltr'>otiam</span> <span class='ocrx_word' id='word_1_146' title='bbox 789 3611 873 3677; x_wconf 80' lang='lat' dir='ltr'>nullo</span> <span class='ocrx_word' id='word_1_147' title='bbox 887 3611 1038 3700; x_wconf 69' lang='lat' dir='ltr'>drnprwto</span> <span class='ocrx_word' id='word_1_148' title='bbox 1052 3614 1179 3679; x_wconf 76' lang='lat' dir='ltr'>trrrnioo</span> 
     </span>
     <span class='ocr_line' id='line_1_26' title="bbox 546 3713 804 3802; baseline 0.008 -24"><span class='ocrx_word' id='word_1_149' title='bbox 546 3715 591 3779; x_wconf 87' lang='lat' dir='ltr'>ad</span> <span class='ocrx_word' id='word_1_150' title='bbox 599 3713 804 3802; x_wconf 81' lang='lat' dir='ltr'>probandum.</span> 
     </span>
    </p>
   </div>
   <div class='ocr_carea' id='block_1_10' title="bbox 146 3852 1200 4181">
    <p class='ocr_par' dir='ltr' id='par_1_10' title="bbox 146 3852 1200 4181">
     <span class='ocr_line' id='line_1_27' title="bbox 198 3852 1200 3947; baseline 0.003 -24"><span class='ocrx_word' id='word_1_151' title='bbox 198 3852 431 3924; x_wconf 89' lang='lat' dir='ltr'>Probationes</span> <span class='ocrx_word' id='word_1_152' title='bbox 458 3876 527 3923; x_wconf 89' lang='lat' dir='ltr'>non</span> <span class='ocrx_word' id='word_1_153' title='bbox 561 3864 751 3925; x_wconf 87' lang='lat' dir='ltr'>censentur</span> <span class='ocrx_word' id='word_1_154' title='bbox 777 3855 980 3947; x_wconf 75' lang='lat' dir='ltr'>reprobate,</span> <span class='ocrx_word' id='word_1_155' title='bbox 1009 3854 1094 3926; x_wconf 90' lang='lat' dir='ltr'>licet</span> <span class='ocrx_word' id='word_1_156' title='bbox 1125 3855 1200 3926; x_wconf 88' lang='lat' dir='ltr'>sine</span> 
     </span>
     <span class='ocr_line' id='line_1_28' title="bbox 146 3969 1200 4065; baseline 0.001 -24"><span class='ocrx_word' id='word_1_157' title='bbox 146 3970 385 4064; x_wconf 79' lang='lat' dir='ltr'>assignatione</span> <span class='ocrx_word' id='word_1_158' title='bbox 414 3969 563 4061; x_wconf 84' lang='lat' dir='ltr'>alicujus</span> <span class='ocrx_word' id='word_1_159' title='bbox 590 3970 743 4053; x_wconf 88' lang='lat' dir='ltr'>termini,</span> <span class='ocrx_word' id='word_1_160' title='bbox 769 3981 833 4041; x_wconf 89' lang='lat' dir='ltr'>aut</span> <span class='ocrx_word' id='word_1_161' title='bbox 859 3970 956 4041; x_wconf 91' lang='lat' dir='ltr'>nulla</span> <span class='ocrx_word' id='word_1_162' title='bbox 980 3971 1024 4042; x_wconf 83' lang='lat' dir='ltr'>ad</span> <span class='ocrx_word' id='word_1_163' title='bbox 1050 3971 1200 4065; x_wconf 87' lang='lat' dir='ltr'>proban·</span> 
     </span>
     <span class='ocr_line' id='line_1_29' title="bbox 147 4085 987 4181; baseline 0 -24"><span class='ocrx_word' id='word_1_164' title='bbox 147 4088 235 4157; x_wconf 87' lang='lat' dir='ltr'>dum</span> <span class='ocrx_word' id='word_1_165' title='bbox 252 4108 418 4159; x_wconf 83' lang='lat' dir='ltr'>concessa</span> <span class='ocrx_word' id='word_1_166' title='bbox 435 4085 615 4169; x_wconf 84' lang='lat' dir='ltr'>dilatione,</span> <span class='ocrx_word' id='word_1_167' title='bbox 634 4088 739 4158; x_wconf 80' lang='lat' dir='ltr'>factae</span> <span class='ocrx_word' id='word_1_168' title='bbox 757 4088 987 4181; x_wconf 87' lang='lat' dir='ltr'>reperiantur.</span> 
     </span>
    </p>
   </div>
   <div class='ocr_carea' id='block_1_11' title="bbox 598 4252 748 4331">
    <p class='ocr_par' dir='ltr' id='par_1_11' title="bbox 598 4252 748 4331">
     <span class='ocr_line' id='line_1_30' title="bbox 598 4252 748 4331; baseline 0 -19"><span class='ocrx_word' id='word_1_169' title='bbox 598 4252 604 4291; x_wconf 89' lang='lat'>¹</span> <span class='ocrx_word' id='word_1_170' title='bbox 622 4264 748 4331; x_wconf 77' lang='lat' dir='ltr'>cogetur.</span> 
     </span>
    </p>
   </div>
   <div class='ocr_carea' id='block_1_12' title="bbox 0 0 1353 4800">
    <p class='ocr_par' dir='ltr' id='par_1_12' title="bbox 0 0 1353 4800">
     <span class='ocr_line' id='line_1_31' title="bbox 0 0 1353 4800; baseline 0 0"><span class='ocrx_word' id='word_1_171' title='bbox 0 0 1353 4800; x_wconf 95' lang='lat' dir='ltr'> </span> 
     </span>
    </p>
   </div>
  </div>
 </body>
</html>
