2692 4800
229 257 277 330 60
591 275 640 326 nn
664 275 914 329 snmrrnnnrs
1286 279 1336 355 aq

228 440 360 513 tronos,
377 438 418 500 ut
439 428 502 501 illa
523 429 907 512 circumciderant'ant
931 428 977 502 ds
1000 427 1072 501 illis
1095 429 1272 522 depraeds·

228 556 358 629 rentur,
377 545 438 617 sed
459 555 501 617 ut
522 543 578 617 inl
596 545 738 617 illomm
761 546 924 640 praesidio
944 555 983 617 et
1000 545 1071 618 fide
1095 553 1180 617 tuto
1195 568 1273 616 con·

228 663 458 756 quiescerent.

390 870 468 956 (lap.
483 891 516 952 4.
539 870 746 933 Potrmtomm
759 866 1115 954 delinquentiarum

277 990 522 1063 Vehementer
545 999 773 1083 patronorum
800 993 959 1074 interest,
984 1014 1031 1061 ne
1057 991 1212 1085 turpiter
1235 1001 1271 1064 et

228 1129 332 1178 avare
366 1105 432 1176 sibi
464 1127 674 1197 quacunque
708 1107 944 1177 conventione
982 1114 1208 1199 proecaveant
1240 1107 1275 1176 in

229 1221 480 1292 beneficiorum
514 1219 771 1303 collationibus,
800 1220 846 1290 de
875 1221 1070 1292 retinendis
1102 1220 1274 1306 aediiiciis,

228 1337 465 1410 subducendis
494 1337 650 1421 decimis,
675 1347 738 1407 aut
767 1335 841 1406 ullo
871 1359 909 1408 se
939 1338 1187 1408 contaminent
1218 1335 1276 1409 fla·

226 1454 356 1548 gitioso
382 1463 529 1546 quaestu.
581 1451 706 1536 Quod²
726 1453 754 1523 si
781 1453 969 1545 quicquam
993 1453 1031 1523 in
1055 1453 1124 1524 boc
1147 1475 1277 1548 genere

229 1570 337 1641 firerit
362 1578 484 1639 contra
509 1567 605 1662 leges
629 1578 766 1639 nostras
795 1590 1006 1661 quacunque
1031 1569 1171 1641 ratione
1196 1592 1277 1641 con·

229 1695 388 1767 ventum,
418 1694 585 1777 patronus
617 1682 859 1755 collocationis
886 1685 947 1777 jus
981 1682 1076 1755 illius
1105 1687 1277 1779 temporis

229 1802 393 1884 amittet3
424 1801 564 1884 deinde,
577 1801 636 1893 qui
649 1801 731 1892 jure
748 1800 864 1871 fuerat
881 1798 1123 1872 collocationis
1140 1823 1278 1887 usurus,

229 1918 396 2009 quoniam
413 1917 457 1988 ad
475 1917 631 2008 iniquam
649 1918 921 1987 transactionem
939 1915 1277 1989 suamvoluntatem

229 2032 519 2115 accommodavit,
546 2043 583 2102 et
612 2029 809 2104 sacerdotio
837 2031 983 2115 carebit,
1009 2031 1106 2124 quod
1135 2032 1189 2104 illi
1220 2036 1280 2106 de-

230 2148 446 2243 signabatur,
458 2156 496 2220 et
512 2148 557 2219 ab
570 2147 648 2220 aliis
665 2148 836 2231 omnibns,
851 2171 932 2240 quae
946 2149 1114 2242 consequi
1127 2159 1280 2244 poteret,

230 2263 451 2336 excludetur.

240 2473 318 2562 Gap.
332 2489 364 2560 5.
388 2474 567 2540 Sacerdotis
581 2496 680 2539 ocum
694 2495 753 2539 uon
766 2495 824 2539 esse
837 2483 978 2560 oportere,
994 2495 1088 2560 nequo
1101 2484 1272 2561 antequam

573 2577 766 2642 oacoocriot³
782 2576 927 2663 conferri.

280 2698 485 2771 Sacerdotis
508 2701 569 2770 diu
587 2724 697 2771 vacua
716 2700 837 2792 jacere
860 2723 929 2771 non
952 2698 1096 2770 debent.
1149 2699 1281 2794 Itaque

230 2817 295 2887 nisi
313 2817 427 2909 spatio
451 2840 513 2887 sex
532 2817 717 2897 mensium,
735 2824 922 2908 postquam
941 2838 1052 2886 vacua
1068 2815 1165 2887 iacta
1184 2827 1279 2900 sunt,

229 2934 365 3024 patroni
384 2955 493 3003 novos
510 2931 580 3002 illis
597 2932 775 3002 ministros
792 2932 1063 3025 designaverint,
1077 2931 1153 3024 ipso
1170 2932 1281 3004 bene-

229 3049 308 3119 ficio
327 3049 576 3143 designationis
599 3048 660 3118 illo
677 3048 820 3140 quidem
839 3058 998 3141 tempore
1019 3049 1213 3135 carebunt3
1241 3060 1280 3122 et

229 3176 350 3236 tamen
380 3166 416 3235 in
442 3165 655 3236 collocandis
684 3165 888 3236 sacerdotiis
917 3166 1067 3235 nimium
1098 3166 1278 3259 properari

228 3281 404 3364 nolumus,
434 3306 500 3353 nec
533 3284 688 3376 patimur
721 3290 763 3352 ut
797 3283 935 3374 patroni
970 3290 1105 3353 certam
1134 3281 1278 3354 illorum

230 3421 328 3492 spem
356 3401 520 3492 cuiquam
547 3398 620 3469 ulla
649 3400 868 3492 scriptorum,
895 3407 957 3470 ant
987 3401 1187 3493 pignorum,
1214 3408 1277 3471 aut

230 3527 413 3611 pactorum
445 3517 608 3588 cautione
643 3516 783 3596 faciant,
813 3516 1015 3608 priusquam
1047 3538 1160 3587 vacua
1192 3515 1275 3588 sint.

231 3633 327 3704 Nam
353 3632 554 3725 hujusmodi
581 3633 834 3704 conventiones
860 3655 1024 3726 magnam
1056 3620 1177 3702 secum
1204 3632 1275 3702 vim

228 3749 531 3819 incommodomm
561 3747 722 3818 afferunt.
774 3747 903 3839 Itaque
933 3748 992 3838 qui
1024 3745 1133 3818 talem
1166 3746 1274 3818 ullam

228 3865 502 3936 sacerdotiorum
529 3865 674 3935 minime
701 3886 890 3934 vacuorum
919 3885 1018 3955 spem
1049 3862 1194 3946 faciunt,
1216 3863 1273 3956 jus

228 3981 468 4052 collocationis
492 3980 585 4050 illins
608 3980 776 4072 temporis
797 3980 976 4060 amittent,
994 3979 1109 4070 etqui
1127 3979 1173 4050 ad
1190 4000 1273 4049 non·

229 4100 312 4168 dum
327 4120 437 4167 vacua
453 4098 503 4167 sic
516 4096 792 4188 adspiraverunt,
803 4117 848 4164 ne
861 4094 905 4166 ad
916 4116 1026 4165 vacua
1038 4093 1185 4185 quidem
1196 4102 1272 4187 post

318 4271 325 4310 ¹
341 4278 369 4334 in
384 4297 435 4336 om.
640 4271 653 4310 ²
667 4278 806 4348 Quorum.
1012 4267 1195 4333 ³vscnerint.
