2692 4800
206 277 285 351 174
336 341 339 347 ,
499 291 548 341 ns
573 290 968 344 sxcouuurvrcamonn
1258 291 1336 368 c13·

209 449 368 517 omnium
387 446 422 516 in
442 448 817 519 excommunicationis
840 449 1003 519 universo
1025 447 1173 543 negotio
1189 446 1257 518 col·

211 561 406 632 locatarum
424 560 618 645 exsolvent,
636 564 726 632 etin
744 561 846 633 illum
864 562 1025 636 ecclesiae
1043 563 1259 647 thesaurum,

212 699 317 769 quem
334 676 438 768 vulgo
457 678 581 747 cistam
598 700 793 771 pauperum
806 686 945 762 vocant,
959 678 1050 751 illud
1068 679 1258 773 deponant,

211 815 317 885 quem
336 793 529 863 ordinarius
546 794 612 864 hoc
630 793 801 864 beneficio
814 793 1061 888 dignissimum
1079 793 1260 887 mejudi-

211 910 354 979 caverit.
397 909 501 994 Quod
519 910 548 979 si
565 933 628 1003 per
644 910 730 981 alios
747 911 950 1003 quindecim
968 910 1046 982 dies
1063 910 1259 982 eorundem

213 1026 450 1096 ministrorum
479 1034 676 1097 nostrorum
702 1025 808 1119 culpa
832 1035 1009 1098 cessatum
1036 1027 1159 1112 fuerit,
1176 1026 1261 1099 illud

212 1141 368 1234 triplum,
387 1142 480 1234 quod
506 1141 642 1213 solvere
663 1141 806 1225 debent,
823 1141 1141 1236 conduplicabunt.
1194 1140 1262 1213 De-

213 1258 297 1328 inde
323 1259 350 1328 si
378 1257 569 1349 prehensos
590 1281 668 1328 reos
691 1268 731 1328 et
755 1258 793 1327 in
817 1280 958 1330 carcere
983 1257 1151 1341 inclusos,
1168 1257 1263 1329 nulla

213 1373 471 1443 interveniente
496 1382 692 1444 nostrarum
719 1373 898 1444 literarum
921 1373 1156 1455 authoritate,
1175 1375 1264 1446 vice·

213 1491 362 1561 comites
387 1500 450 1560 aut
475 1491 639 1561 custodes
664 1489 902 1574 liberaverint,
925 1497 989 1561 aut
1014 1488 1110 1562 elabi
1135 1493 1264 1585 permi-

212 1607 333 1688 serint,
351 1616 541 1698 antequam
563 1607 728 1700 episcopo
748 1606 1048 1678 excommunicati
1068 1629 1109 1678 se
1131 1607 1265 1678 submi·

212 1724 332 1805 serint,
351 1730 389 1792 et
406 1723 643 1816 superioribus
664 1724 831 1816 impensis
851 1723 1064 1816 plectentur,
1082 1731 1123 1794 et
1139 1723 1263 1795 decem

212 1839 346 1909 addent
371 1840 457 1911 alias
483 1839 589 1910 libras
614 1839 785 1910 arbitratu
804 1839 937 1932 judicis
961 1838 999 1908 in
1025 1839 1154 1910 cistam
1181 1861 1266 1933 pau·

214 1976 338 2046 perum
364 1953 611 2024 infundendas.
674 1953 714 2026 Si
742 1976 826 2025 vero
851 1961 984 2047 negent
1008 1962 1072 2024 aut
1099 1952 1267 2027 differant

214 2069 277 2140 has
302 2070 353 2140 ita
376 2070 541 2163 pecunias
565 2093 705 2163 ponere,
732 2069 910 2163 quomodo
935 2092 1000 2140 uos
1024 2069 1093 2140 hoc
1119 2069 1266 2143 decreto

214 2196 334 2258 nostro
348 2187 531 2279 jussimus,
548 2187 712 2257 custodes
734 2185 888 2279 publicae
905 2194 1032 2258 nostra
1047 2184 1146 2279 pacis
1166 2187 1268 2257 invo-

158 2352 162 2359 -
214 2303 285 2374 cati
311 2302 432 2373 statim
451 2325 557 2395 opem
579 2302 705 2385 ferant,
722 2300 787 2372 nisi
815 2310 941 2372 nostrae
966 2302 1081 2373 velint
1106 2301 1268 2375 authori·

215 2419 299 2489 tatis
316 2426 578 2511 contemptores
594 2417 736 2490 haberi:
762 2418 891 2511 quibua
907 2418 937 2488 si
954 2418 1005 2489 ita
1017 2419 1132 2489 visum
1146 2418 1271 2502 instit,

214 2537 250 2605 in
269 2535 362 2607 bona
378 2534 499 2605 licebit
520 2543 558 2604 et
582 2535 814 2626 possessiones
838 2556 961 2606 eorum
985 2534 1129 2619 intrare,
1150 2544 1190 2607 et
1206 2535 1272 2607 illa

215 2677 384 2747 seponere
406 2663 444 2723 et
465 2676 660 2748 segregare,
679 2654 791 2724 donec
809 2652 913 2746 plene
935 2652 982 2722 sit
1003 2653 1050 2723 ab
1073 2652 1145 2724 illis
1170 2654 1270 2723 omni

215 2770 351 2841 ratione
368 2770 599 2842 satisfactum⁴

268 2985 346 3070 Cap.
363 3004 410 3064 14.
432 2983 719 3048 &communicatas
733 3002 793 3047 non
807 2980 956 3046 liberatur
969 2981 1033 3045 nisi
1045 2980 1224 3066 resipuerit.

267 3121 360 3193 Cum
379 3124 468 3193 ratio
486 3123 591 3193 sacris
608 3123 645 3191 in
659 3121 851 3214 Scripturis
868 3121 1056 3213 proposita,
1075 3131 1272 3192 consuctu-

217 3241 332 3332 doque
357 3250 557 3310 sanctorum
583 3248 737 3333 patrum,
757 3237 803 3307 ab
828 3236 1047 3307 authoritate
1065 3234 1270 3329 Scriptura·

216 3378 294 3426 rum
313 3356 471 3448 repetita,
490 3377 561 3425 uon
579 3355 763 3447 permittat
780 3353 1107 3423 excommunicatos
1123 3351 1268 3423 liberari

218 3495 396 3566 poenarum
425 3493 566 3542 suarum
593 3468 752 3552 vinculis,
776 3469 889 3539 donec
910 3469 1077 3539 violatam
1098 3466 1269 3539 Ecclesia

215 3611 339 3682 pacem
366 3596 404 3656 et
428 3587 682 3680 integritatem,
700 3592 873 3677 quantum
891 3585 927 3654 in
950 3606 988 3655 se
1010 3593 1076 3665 est,
1094 3584 1267 3655 emenda·

216 3709 297 3788 rint,
324 3717 361 3779 et
387 3707 491 3799 priori
518 3705 625 3775 statui
653 3704 881 3784 restituerint,
901 3707 981 3795 (nec
1006 3703 1102 3774 enim
1121 3724 1265 3795 [equum

216 3833 271 3894 est
288 3823 367 3893 illos
384 3823 420 3892 in
436 3820 604 3891 Ecclesiae
620 3842 748 3913 corpus
764 3821 883 3905 inseri,
901 3820 1014 3889 donec
1031 3826 1179 3911 peccata
1196 3817 1267 3888 for·

215 3940 321 4010 mulis
350 3937 594 4009 ecclesiasticis
620 3936 783 4022 eluerint,
813 3958 879 4005 nec
909 3933 1004 4005 salus
1034 3935 1079 4005 ab
1104 3933 1265 4005 Ecclesia

216 4078 371 4148 unquam
395 4052 604 4135 ostenditur,
624 4053 689 4123 nisi
713 4054 809 4145 prius
831 4051 875 4122 ad
894 4050 1108 4144 probitatem
1128 4071 1167 4121 se
1188 4050 1265 4142 ipss

216 4195 296 4244 reus
314 4169 556 4256 revocaverit)
567 4168 641 4239 haec
659 4169 771 4263 igitur
788 4190 868 4239 cum
886 4168 939 4238 ita
954 4169 1034 4252 sint,
1047 4167 1163 4260 judex
1180 4188 1264 4237 cum

214 4287 319 4381 plane
338 4286 497 4380 cognorit
520 4307 618 4356 reum
643 4286 679 4355 in
700 4284 856 4357 ecclesioe
873 4282 1059 4377 disciplina
1078 4292 1263 4353 mansuete
