2640 4806
134 294 206 370 294
518 307 567 356 nn
593 304 795 357 scurnum
1174 302 1241 350 cu-

132 467 225 537 ferat
246 464 471 548 sententiam,
489 464 524 534 id
542 463 588 535 ab
605 487 648 535 eo
668 462 799 542 {latet
821 467 1017 553 antequam
1039 479 1176 550 pronun·

134 582 250 652 cietur
266 581 303 649 iu
324 577 477 662 actio,'id
496 578 649 671 petitum
674 577 730 648 sit.
786 574 902 646 Nefas
925 574 1023 644 enim
1043 573 1177 654 videtur,

134 705 278 791 peracto
296 694 405 766 semel
417 695 565 787 judicio,
579 695 710 764 iterum
727 692 1005 786 permitterent
1018 713 1065 760 ex
1078 691 1178 782 sopita

134 812 199 884 lite
222 834 314 882 nova
331 809 375 881 lis
392 812 437 882 de
457 810 656 882 actionibus
673 816 711 880 et
726 803 1057 879 imminutionibus¹
1083 807 1179 878 aetio

136 950 224 999 num
241 937 436 999 moveatur.

344 1127 422 1223 Gap]
437 1155 488 1203 12.
511 1137 561 1202 De
575 1135 800 1223 impugnatione
813 1135 982 1201 ommia.

189 1277 299 1348 Porro
322 1276 423 1347 nobis
444 1298 540 1346 nuno
560 1275 782 1369 pergendum
799 1282 865 1358 est,
883 1281 926 1343 ιιι
944 1273 990 1344 de
1008 1274 1183 1366 impugna·

138 1393 237 1464 tione
261 1394 447 1464 sententia
471 1392 775 1484 interloquutoriae
799 1405 837 1462 et
858 1390 1053 1461 definitive
1073 1389 1186 1462 decer.

137 1531 273 1580 narnus.
325 1507 418 1580 Cum
436 1508 592 1602 proclive
616 1509 809 1580 admodum
835 1509 883 1578 sit
900 1506 1026 1578 falsam
1053 1515 1185 1579 oenten-

138 1626 225 1695 tiam
244 1625 345 1709 ferre,
365 1627 645 1719 operaepretium
658 1634 712 1696 eat
729 1626 854 1695 modos
871 1625 1044 1718 quondam
1059 1634 1185 1709 tenera,

139 1743 266 1833 quibus
295 1744 431 1812 occurri
457 1744 489 1813 ei
517 1743 637 1835 possit,
668 1765 715 1813 na
744 1741 845 1812 nobie
877 1741 994 1812 fraudi
1025 1743 1074 1812 ait
1099 1740 1186 1813 illino

139 1857 356 1942 ratihabitio,
384 1869 448 1930 aut
479 1869 599 1930 nostra
623 1861 660 1929 in
687 1882 730 1930 ea
758 1857 983 1929 admittenda
1008 1857 1186 1949 supinitas.

140 1973 312 2046 Ceterum
354 1942 546 2069 antequain
579 1976 658 2067 quis
696 1983 843 2045 conetur
876 1974 1094 2046 sententiam
1126 1972 1187 2040 im·

139 2114 307 2185 pugnare,
327 2092 447 2162 videre
465 2092 585 2174 debet,
603 2115 647 2162 an
672 2091 866 2163 secundum
889 2089 1045 2184 allegata
1062 2097 1100 2160 et
1116 2110 1188 2181 pro·

140 2208 233 2291 bata,
252 2216 289 2280 et
308 2219 348 2278 ut
370 2206 537 2304 exigunt²
554 2211 636 2301 jura
662 2220 699 2279 et
725 2208 946 2279 consuetudo
972 2219 1082 2300 atquo
1108 2204 1189 2298 legi·

141 2326 230 2394 tima
247 2324 369 2408 forma,
388 2348 469 2395 oum
488 2325 734 2395 observatione
759 2325 1015 2395 solennitatum
1038 2323 1111 2394 lata
1134 2324 1187 2392 ait.

143 2438 240 2509 Nam
264 2441 292 2510 si
320 2439 391 2510 tale
421 2441 504 2533 quid
536 2443 734 2512 circaeam
761 2463 833 2510 non
862 2440 1089 2512 observatum
1118 2461 1189 2510 esso

142 2564 320 2648 appareat,
347 2580 418 2626 non
446 2569 501 2628 est
529 2580 618 2650 opus
647 2581 725 2628 eam
758 2559 975 2651 impugnare,
1007 2559 1091 2650 quia
1119 2559 1190 2650 ipso

135 2674 218 2764 jure
235 2671 331 2742 illam
351 2697 413 2766 pro
432 2673 530 2743 nullo
548 2673 668 2743 haberi
684 2673 856 2757 volumus,
871 2698 948 2766 quae
965 2653 1189 2744 manifestum

135 2791 226 2881 juris
244 2812 397 2859 errorem
417 2790 587 2871 continet,
605 2790 694 2860 adeo
714 2800 753 2861 ut
771 2813 836 2861 nee
853 2792 889 2861 in
909 2812 984 2860 rem
996 2791 1189 2883 judicatam

142 2916 309 2987 transeat,
328 2902 477 2977 etiarnsi'
493 2907 537 2976 ab
559 2930 601 2976 ea
622 2906 839 2999 appellatum
863 2931 933 2976 non
956 2907 1014 2988 sit,
1032 2917 1096 2977 aut
1116 2929 1189 3000 pro-

143 3022 281 3091 vocatio
300 3022 345 3091 ab
363 3045 405 3091 ea
427 3023 521 3093 facta
538 3025 678 3093 deserta
699 3024 755 3092 sit.
808 3020 924 3116 Igitur
944 3030 1069 3092 contra
1089 3043 1190 3113 quem

144 3137 226 3208 talis
255 3141 433 3209 sententia
463 3137 535 3209 lata
561 3147 626 3220 est,
653 3137 843 3209 defendere
870 3159 908 3207 so
935 3135 1109 3205 nullitatis
1133 3157 1190 3204 ex-

144 3255 307 3346 ceptione
334 3264 464 3346 potest,
490 3256 517 3325 si
545 3277 590 3325 ex
617 3277 659 3324 ea
684 3255 934 3336 conveniatur3
964 3263 1003 3322 et
1027 3252 1108 3322 talis
1133 3275 1191 3323 ex·

144 3371 260 3461 ceptio
287 3373 459 3462 competit
489 3371 541 3440 illi
567 3380 752 3463 perpetuo,
778 3369 937 3450 honest,
963 3369 1191 3462 quadraginta

144 3486 254 3566 annis,
273 3485 399 3575 quibus
417 3487 531 3555 omnis
548 3486 641 3555 aotio
660 3494 697 3554 et
716 3485 886 3578 obligatio
905 3484 1053 3555 tollitur.

195 3601 239 3669 In
269 3603 417 3681 oasibnr,
445 3602 573 3693 quibus
592 3602 708 3692 judex
734 3602 948 3672 sententiam
975 3624 1074 3672 suam
1099 3623 1192 3670 revo-

145 3739 224 3787 care
243 3726 368 3808 potest,
388 3719 573 3787 sententiae
592 3719 667 3810 ejus
685 3718 970 3789 emendationem
988 3718 1192 3811 simpliciter

145 3835 295 3924 petitam
323 3856 398 3903 esse
425 3832 597 3904 sufficiat:
639 3834 722 3925 qnia
747 3834 785 3903 in
811 3832 941 3904 talibus
966 3834 1115 3919 casibua
1133 3843 1193 3904 ιιιιι

145 3949 289 4018 evidens
307 3957 361 4017 est
379 3970 484 4017 causo
501 3948 576 4039 ejus
593 3950 808 4032 revocanda,
827 3958 889 4020 aut
907 3950 1101 4021 solennitas
1117 3973 1192 4042 pro·

146 4089 261 4135 (tessus
275 4062 461 4156 ιῇιιιίἰιιιιίἰ3
484 4088 555 4133 non
573 4067 773 4157 requiritur.
827 4066 899 4136 Sed
917 4068 945 4137 si
964 4069 1102 4138 ratione
1119 4067 1193 4137 nul-

147 4178 254 4251 litatis
281 4189 422 4273 petatur
448 4181 577 4250 mutari
601 4194 663 4250 aut
690 4183 815 4276 corrigi
843 4186 1030 4265 sententia,
1054 4207 1194 4255 necesse

271 4327 277 4364 ¹
294 4319 546 4376 immunitionibus.
653 4315 806 4397 2ιιιιίιςιιιιι.
918 4323 1074 4396 ³judioari.
