2692 4800
435 305 484 356 ua
509 303 902 356 axcouuuumamouu
1118 286 1189 358 173

195 579 274 665 Gap.
289 599 340 643 ιι.
363 578 463 643 Prona
478 575 761 641 commmicantium
776 596 844 639 cam
857 572 1131 638 commmunicant.

191 715 407 809 Quicunque
424 737 506 785 eum
528 713 843 785 excommunicatis
863 734 934 781 uon
955 710 1189 805 resipiscenti-

144 835 208 906 bus
224 834 262 904 iu
281 831 363 903 ullis
383 830 581 902 actionibus
604 852 642 901 se
665 829 882 911 commiscet,
900 828 965 898 uisi
985 849 1071 921 quas
1094 828 1190 897 exci-

144 951 336 1044 piebamus,
362 969 502 1041 poenarn
530 968 612 1016 cum
637 944 707 1016 illis
732 967 956 1015 communem
985 943 1138 1025 babebit,
1160 943 1188 1012 si

144 1065 253 1137 semel
271 1063 475 1136 admonitus
491 1062 537 1133 ab
554 1060 623 1131 illis
640 1084 710 1130 nou
729 1059 923 1131 deflexerit.

260 1275 339 1362 (lep.
353 1295 401 1343 12.
429 1272 586 1345 Quamdiu
600 1271 722 1337 citandi
735 1278 806 1336 aaut
818 1271 1073 1336 sccommuaiocti.

192 1417 265 1502 Qui
284 1416 653 1489 excommunicatione
671 1413 802 1483 fuerint
825 1412 869 1482 ab
887 1411 1036 1482 ecclesia
1053 1411 1189 1493 dimoti,

145 1545 217 1607 tam
244 1534 307 1604 diu
333 1533 378 1604 ad
403 1532 610 1603 societatem
635 1529 916 1599 Christianorum
944 1527 1091 1598 fratrum
1120 1551 1191 1599 nou

145 1649 390 1728 admittentur,
408 1647 575 1741 quamdiu
594 1644 749 1718 acclesiae
767 1654 937 1736 quantum
957 1653 1103 1735 possunt
1120 1666 1191 1714 nou

145 1765 389 1847 satisfecerint,
409 1774 447 1836 et
471 1762 722 1834 beneficiomm
750 1759 975 1830 liberationes
992 1782 1013 1829 a
1030 1758 1191 1854 legitimo

138 1880 262 1974 judice
286 1879 564 1971 impetraverint,
581 1885 644 1948 aut
666 1876 709 1946 ad
737 1876 924 1945 minimum
952 1876 1057 1945 iidem
1078 1876 1190 1967 judici
1305 1928 1309 1933 .

146 1994 403 2066 obstrinxeriut
429 2016 540 2075 suam,
557 1992 726 2085 legitimis
752 2013 790 2061 se
811 1990 905 2062 illius
930 1990 1105 2061 mandatis
1130 1989 1192 2060 ob-

144 2118 414 2204 temperaturos.

211 2320 293 2406 Gap.
308 2338 357 2405 13.
384 2319 468 2400 Quid
480 2317 642 2384 mauman
655 2317 757 2383 dalem
771 2317 1125 2406 ocaemmuaioatbfim,
1205 2327 1245 2414 83

196 2459 319 2545 Quum
349 2461 386 2529 in
416 2461 793 2530 excommunicationis
822 2452 1047 2532 acerbissima
1073 2460 1197 2532 solitu·

146 2576 230 2647 dine
247 2576 480 2671 quadraginta
502 2577 577 2647 dies
603 2599 682 2647 reus
702 2578 865 2668 jacuerit,
884 2585 922 2648 et
942 2577 1077 2647 nullam
1103 2577 1197 2649 leva·

148 2693 255 2762 tionis
278 2691 464 2763 honestam
488 2701 526 2763 et
546 2692 640 2785 piam
658 2694 832 2763 rationem
850 2695 1088 2785 exquisiverit,
1105 2694 1198 2765 ordi·

147 2809 267 2879 narius
294 2807 354 2899 qui
384 2807 479 2901 prius
510 2809 866 2879 excommunicationi
900 2809 1048 2902 praefuit,
1077 2810 1197 2882 literas

147 2933 267 2995 nostro
298 2925 453 2994 munitus
487 2923 803 2994 ecclesiasticarum
839 2948 1021 2996 causarum
1056 2927 1197 3020 proprio

147 3041 247 3135 siguo
271 3047 432 3110 nostrum
459 3040 504 3109 ad
525 3039 639 3109 forum
662 3041 838 3131 equitatis
855 3043 1083 3125 transmittat,
1101 3044 1196 3135 quod

147 3156 255 3251 vulgo
289 3155 533 3227 cancellariam
565 3163 704 3238 vocant,
739 3157 775 3225 in
806 3157 933 3249 quibus
966 3181 1065 3231 more
1096 3162 1195 3253 regui

146 3272 258 3343 nostri
292 3272 487 3366 pertinacia
520 3295 588 3343 rese
623 3293 779 3364 personae
813 3274 1059 3365 perscribatur.
1117 3275 1156 3346 N
1158 3300 1197 3347 os

147 3397 280 3471 autem,
298 3388 559 3481 quamprimum
577 3388 696 3458 literas
718 3395 865 3473 nostras,
882 3398 923 3459 ut
941 3390 977 3459 in
995 3390 1196 3483 hujusmodi

147 3504 261 3576 causis
293 3503 367 3575 fieri
398 3501 498 3586 solet,
529 3505 573 3574 ad
605 3505 783 3575 ministros
813 3504 1001 3599 legitimos,
1029 3508 1196 3578 nimirum

147 3620 374 3692 vicecomites
400 3631 438 3691 et
463 3620 621 3704 ballivos,
644 3630 686 3691 ut
703 3632 840 3703 vocant,
859 3622 1003 3714 perferri
1022 3623 1195 3708 volumus,

147 3736 205 3827 qui
236 3734 350 3826 spatio
377 3734 579 3826 quindecim
604 3734 741 3805 dierum
765 3736 794 3806 si
825 3760 902 3807 reos
927 3760 999 3807 non
1026 3740 1194 3821 emerint,

147 3849 488 3943 comprehenderint,
519 3858 557 3921 et
586 3851 622 3921 in
656 3874 831 3923 carcerem
867 3853 1101 3938 condiderint,
1133 3857 1193 3926 sed

147 3965 216 4037 illis
241 3963 298 4034 vel
326 3987 431 4036 avare
460 3975 605 4059 propter
635 3967 781 4051 lucrum,
807 3967 863 4039 vel
894 3970 1024 4062 injuste
1051 3981 1196 4064 propter

147 4081 298 4174 gratiam
315 4081 548 4173 pepercerint,
566 4090 604 4151 et
614 4082 675 4174 jus
693 4082 832 4177 lougius
849 4082 1068 4166 indulserint,
1087 4107 1193 4176 quam

147 4195 251 4288 hujus
273 4197 363 4267 ratio
381 4196 514 4268 decreti
536 4198 646 4268 nostri
665 4198 744 4279 fert,
762 4198 790 4268 si
812 4199 945 4269 fuerint
965 4200 1060 4293 apud
1078 4199 1195 4295 legiti-

146 4333 246 4383 mum
257 4310 417 4404 judicem
434 4313 471 4383 in
488 4312 555 4384 bac
572 4336 610 4385 re
623 4315 787 4398 convicti,
800 4313 947 4407 triplum
960 4336 1194 4409 expensarum
