2692 4800
151 266 200 340 90
467 280 516 330 ns
541 279 682 331 orvrrns
709 279 881 334 asmona.

147 442 292 529 propter
325 435 455 528 partite
485 444 656 507 uocaset
690 435 857 506 distincte
886 434 1132 529 pronuntient,
1159 445 1191 507 et

147 560 273 624 cantus
300 551 346 622 sit
365 549 508 623 illorum
531 549 646 623 clarus
668 559 708 623 st
732 561 846 645 aptus,
863 551 970 624 atad
995 550 1191 623 auditorum

148 668 266 738 omnia
292 689 433 739 sensum
463 678 501 739 et
530 666 805 763 intelligentiam
834 662 1076 761 perveniant¹.
1127 666 1192 740 Ita·

147 806 217 877 que
257 783 431 856 vibratam
470 782 570 855 illam
603 793 643 856 ot
675 806 859 877 operosam
897 784 1084 866 musicam,
1117 807 1191 880 quae

147 900 299 995 figurata
325 901 464 984 dicitur,
485 900 615 972 auferri
639 899 768 994 placet,
792 924 870 995 quae
897 901 948 973 sio
974 901 1014 972 in
1036 899 1192 973 multita-

147 1016 239 1088 dinis
271 1017 415 1089 auribus
448 1015 701 1101 tumultuatur,
730 1026 773 1088 ut
806 1039 899 1112 saepe
932 1016 1096 1112 linguam
1128 1040 1191 1088 nou

146 1133 258 1226 possit
287 1134 400 1226 ipsam
429 1129 672 1226 loquentium²
704 1131 916 1229 intelligere.
976 1131 1072 1203 'l'um
1101 1133 1191 1206 andi·

147 1258 242 1320 tores
269 1249 377 1321 etiam
405 1249 470 1343 ipsi
506 1249 577 1320 sint
607 1249 644 1319 in
675 1269 782 1341 opera
810 1246 917 1319 simul
945 1269 1030 1318 oum
1061 1246 1192 1320 clericis

147 1374 186 1438 et
212 1367 381 1438 ministris
411 1377 526 1438 certas
552 1365 751 1437 divinorum
782 1364 977 1436 officiorum
1007 1365 1191 1458 particulas

147 1490 325 1564 canentes,
343 1481 381 1551 in
406 1480 534 1574 quibus
553 1478 685 1551 Psalmi
711 1480 866 1574 primum
892 1489 1009 1563 erunt,
1028 1504 1192 1556 annume-

146 1598 284 1669 rabitur
303 1596 387 1668 fidei
410 1595 622 1690 symbolum,
641 1604 679 1667 et
696 1594 822 1669 Gloria
839 1598 877 1668 in
893 1595 1058 1684 excelsis,
1074 1599 1192 1672 deosm

147 1712 318 1786 solemnia
342 1710 430 1783 Dai³
458 1723 645 1807 praecopta,
665 1721 854 1806 ceteraque
880 1713 1087 1806 hujusmodi
1115 1739 1193 1809 pra·

147 1831 251 1925 cipua
276 1828 455 1924 religionis
479 1829 607 1922 capita,
630 1851 709 1922 quae
730 1828 930 1900 maximum
955 1829 993 1900 in
1016 1831 1193 1902 communi

146 1948 217 2020 fide
247 1955 368 2018 nostra
397 1946 534 2041 pondus
561 1943 705 2016 habent.
768 1943 839 2015 His
868 1945 965 2016 enim
992 1946 1062 2038 piis
1089 1946 1193 2019 divini

147 2064 265 2136 cultus
310 2063 624 2135 exercitationibus
672 2069 710 2133 et
752 2060 996 2133 invitamentis
1047 2062 1194 2159 populus

146 2205 185 2256 se
202 2178 296 2276 ipse⁴
319 2182 443 2275 erigat,
460 2203 502 2252 ao
522 2202 663 2251 sensum
686 2178 863 2272 quendam
888 2177 1037 2250 habebit
1056 2181 1195 2264 orandi3

147 2320 298 2391 quorum
329 2298 358 2367 si
387 2294 494 2367 nullae
527 2295 594 2367 nisi
628 2291 850 2366 auscultandi
884 2302 1002 2387 partes
1036 2295 1121 2382 sint,
1149 2297 1197 2368 ita

147 2415 255 2509 friget
277 2421 315 2484 at
331 2415 431 2506 jacet
452 2421 623 2495 manant
642 2410 779 2482 nullam
798 2410 844 2481 de
863 2411 969 2482 robus
992 2411 1125 2485 divinis
1139 2436 1196 2486 ve·

146 2531 352 2602 hementem
368 2538 406 2601 st
423 2529 549 2602 seriam
567 2529 821 2624 cogitationem
839 2526 1017 2622 suscipere
1034 2531 1157 2623 possit.

279 2744 357 2830 Gap.
372 2746 400 2808 6.
426 2742 510 2808 Ordo
523 2741 691 2807 mancos
706 2741 742 2805 ia
748 2737 912 2826 parochiis
924 2737 1063 2807 arbonis.

199 2882 335 2954 Eadem
351 2881 594 2975 parochiarum
616 2881 652 2950 in
670 2879 816 2950 urbibus
837 2879 1113 2951 constitutarum
1130 2883 1197 2953 erit

148 3001 263 3071 omnis
291 3001 382 3070 ratio
411 2998 512 3070 festis
542 3005 580 3068 et
610 2994 795 3067 dominicis
824 2995 961 3079 diebus,
991 3018 1069 3089 qua
1102 2999 1197 3093 prius

148 3116 306 3209 collegiis
334 3124 372 3186 et
401 3112 664 3186 cathedralibus
693 3110 851 3184 ecclesiis
881 3115 937 3206 (ut
967 3114 1114 3206 vocant)
1144 3123 1199 3186 at·

148 3233 283 3303 tributa
312 3232 393 3315 fuit,
415 3231 483 3302 nisi
513 3231 607 3322 quod
634 3228 864 3300 concionandi
892 3237 1011 3321 partes
1038 3239 1198 3302 autome-

148 3349 283 3420 ridiano
311 3357 484 3440 tempore,
509 3346 538 3418 si
565 3347 641 3417 fieri
667 3353 798 3439 potest,
823 3343 1027 3429 obibuntur,
1044 3355 1109 3417 aut
1135 3347 1198 3419 ho-

148 3465 247 3535 milia
287 3462 414 3535 saltem
454 3464 632 3534 concionis
674 3461 793 3532 locum
833 3460 1032 3553 occupabit,
1068 3462 1198 3534 deinde

148 3604 248 3653 ooena
275 3579 421 3651 Domini
449 3587 620 3651 sumetur.
670 3577 904 3670 Temporibus
931 3584 1054 3648 autem
1075 3601 1198 3671 pomo-

147 3696 290 3768 ridianis
323 3696 446 3767 concio
480 3693 563 3766 solis
592 3693 629 3763 in
661 3687 924 3763 cathedralibus
957 3686 1117 3762 ecclesiis
1145 3692 1199 3762 in-

148 3813 328 3895 stituetur,
362 3821 425 3882 aut
458 3810 660 3903 hujusmodi
695 3805 987 3878 convenientibus
1020 3804 1119 3892 locis,
1152 3807 1198 3879 ad

148 3953 254 4025 quam
277 3930 322 4001 ab
346 3930 508 4000 omnibus
530 3927 687 4019 undique
713 3925 874 3996 concurri
897 3921 1070 3996 volumus.
1124 3922 1198 3995 Ita·

148 4073 217 4142 qua
252 4070 357 4118 mane
399 4045 643 4139 parochiarum
685 4040 836 4113 ministri
879 4062 983 4110 suum
1023 4040 1198 4133 populum

190 4303 391 4378 ¹proveniant.
480 4301 676 4378 ²loquentem.
758 4296 839 4355 ³Dei
855 4317 905 4355 am.
995 4295 1157 4373 ⁴saipsum.
