2640 4806
536 307 584 357 DE
608 306 773 358 svmens.

320 560 417 643 Infra
431 580 546 623 annom
561 579 660 623 cauca
673 577 772 621 omncs
784 555 994 621 imnimtar.

183 691 275 763 Cum
298 716 550 786 nonnunquam
574 693 655 763 lites
679 691 759 785 plus
777 692 876 785 justo
899 714 964 784 per
988 689 1176 784 superfluas

133 809 363 903 allegationes
396 819 434 880 et
468 810 654 880 dilationes
687 808 919 903 protelentur,
947 808 1030 878 ideo
1060 830 1177 879 causas

133 924 386 996 ecclesiasticas
413 948 546 1007 omnes,
576 933 656 1018 post
686 924 785 995 litem
815 931 1066 1007 contestatam,
1091 925 1177 994 inira

133 1061 265 1111 annum
292 1039 490 1112 terminari¹
518 1039 702 1124 volumus3
736 1040 821 1110 alias
846 1039 977 1133 peribit
1002 1042 1175 1112 instantia

133 1152 173 1225 Si
194 1155 309 1248 judex
336 1156 519 1253 negligens
548 1179 688 1228 causam
716 1156 807 1226 infra
830 1177 963 1227 annum
990 1179 1056 1228 sua
1079 1156 1178 1250 culpa

133 1293 203 1341 non
227 1273 367 1355 finierit,
385 1297 489 1366 paena
511 1274 635 1369 viginti
660 1272 837 1356 librarum,
855 1273 940 1344 fisco
964 1281 1090 1344 nostro
1114 1273 1178 1344 sol-

133 1387 260 1471 venda,
280 1388 375 1459 ultra
401 1389 570 1460 interesse
599 1389 764 1482 partium,
785 1389 976 1481 punietur:
1003 1397 1043 1459 et
1065 1398 1178 1483 partes

133 1502 372 1587 nibilominus,
415 1505 482 1575 nisi
525 1505 619 1574 inter
660 1527 698 1575 se
740 1502 998 1588 concordarint,
1033 1513 1179 1598 pergant

133 1627 250 1710 coepta
284 1642 466 1712 processus
495 1620 610 1690 forma
644 1619 743 1690 litem
774 1618 948 1712 prosequi.
1006 1618 1046 1690 Si
1078 1641 1179 1690 causa

133 1735 224 1805 infra
258 1743 394 1806 statuta
430 1744 591 1828 tempora
632 1744 776 1827 propter
816 1737 920 1806 unius
962 1734 1179 1830 litigantium

133 1851 387 1947 negligentiam
420 1875 491 1923 non
525 1852 746 1935 terminetur,
780 1860 857 1922 tum
886 1852 1002 1944 judex
1043 1859 1179 1944 partem

133 1966 375 2060 negligentem
406 1967 442 2037 in
473 1967 637 2060 expensis
665 1977 704 2038 et
733 1968 870 2038 damnis
898 1967 1102 2038 adversario
1131 1991 1181 2039 re·

135 2083 337 2170 stituendis‚
355 2107 396 2154 ac
418 2085 456 2153 in
477 2107 581 2177 poena
603 2084 727 2154 decem
753 2082 923 2154 librarum
948 2083 1036 2154 fisco
1063 2094 1180 2156 nostro

135 2197 311 2282 solvenda,
336 2199 596 2282 condemnabit,
618 2213 656 2270 et
683 2208 800 2292 partes
824 2200 890 2270 nisi
917 2200 1013 2271 inter
1039 2223 1079 2271 se
1104 2224 1182 2272 con·

135 2314 322 2396 cordarint,
337 2324 452 2407 coepta
469 2316 582 2386 forma
599 2337 780 2408 processus
797 2315 897 2386 litem
915 2326 1180 2409 prosequentur.

512 2529 561 2592 Dc
574 2527 807 2612 ‹ffcsbybdicia

194 2668 315 2738 Judici
351 2669 386 2736 in
424 2690 528 2737 causa
566 2669 827 2751 instantionata,
868 2669 983 2760 [cujus
1018 2671 1183 2740 instantia

134 2783 254 2875 elapsa
288 2783 421 2872 fuerit]
461 2792 570 2853 testes
604 2792 642 2852 et
675 2785 910 2854 instrumenta
947 2786 1107 2878 recipere
1140 2810 1182 2856 ex

135 2921 198 2968 suo
225 2898 350 2982 offici0,
374 2909 414 2967 ut
442 2897 589 2968 tollatur
616 2901 730 2970 omnis
755 2899 917 2991 suspicio,
942 2923 1014 2969 non
1041 2903 1184 2993 permit·

135 3018 234 3085 titur.
272 3013 297 3084 J
300 3016 418 3085 udices
436 3023 574 3106 oportet
592 3015 763 3107 imprimis
788 3017 835 3085 rei
853 3015 1064 3108 qualitatem
1083 3017 1184 3110 plena

135 3132 360 3222 inquisitione
388 3132 572 3211 discutere,
591 3140 628 3200 et
651 3141 738 3200 tnnc
762 3139 949 3223 utramque
973 3141 1114 3222 partem
1134 3133 1184 3202 in-

135 3257 312 3339 terrogare
330 3248 463 3338 saepius,
482 3247 653 3339 numquid
678 3248 759 3316 novi
783 3247 865 3317 addi
889 3248 1114 3319 desiderent:
1144 3271 1184 3318 ac

137 3363 264 3433 deinde
294 3371 367 3432 tam
385 3359 399 3406 ²
416 3363 686 3457 allegationibus
717 3364 812 3444 facti,
840 3386 946 3456 quam
975 3365 1068 3456 juris
1102 3389 1184 3458 pen·

136 3481 232 3562 satis,
259 3501 358 3548 suam
386 3482 600 3550 sententiam
629 3481 846 3551 definitivam
875 3481 1078 3574 inscriptis
1107 3505 1184 3574 pro·

136 3595 237 3664 ferre.
289 3594 346 3664 De
371 3618 441 3687 qua
466 3619 504 3666 re
531 3596 735 3689 cognoverit
755 3596 878 3687 judex,
906 3596 950 3666 de
976 3619 1020 3666 ea
1045 3621 1184 3690 quoque

135 3712 366 3803 pronunciare
385 3735 449 3801 per
465 3713 680 3804 superiorem
699 3713 879 3806 cogendus
896 3721 960 3784 est.

185 3827 305 3899 ludex
331 3837 412 3920 post
435 3829 697 3901 conclusionem
720 3831 755 3899 in
777 3852 881 3900 causa
905 3852 975 3900 uon
998 3835 1120 3922 potest
1141 3853 1186 3901 ex

136 3969 200 4016 suo
226 3944 341 4016 officio
367 3945 499 4038 aliquid
526 3947 650 4028 facere,
677 3947 742 4017 nisi
769 3968 874 4038 super
899 3946 994 4038 prius
1020 3949 1185 4028 actitatis,
1195 3958 1229 4029 95

137 4064 164 4132 si
190 4064 323 4132 fuerint
343 4062 501 4132 obscura.

335 4251 341 4288 ¹
360 4258 518 4314 terminare.
763 4253 847 4314 ²tam
863 4258 891 4314 in
907 4259 990 4334 alleg.
