2692 4800
534 296 809 362 APPENDIX.
1131 302 1196 365 888

188 455 237 517 όο.
254 472 282 528 3.
305 464 368 511 tuto
383 456 475 512 added
490 456 528 532 by
543 457 594 515 Cr.

187 584 228 594 —
247 570 291 608 ιο.
320 551 404 609 After
429 562 539 627 questu
565 554 614 611 the
641 554 789 631 following
813 555 907 612 words
936 557 1035 614 erased
1060 557 1097 634 by
1124 558 1195 616 Cn:

147 650 237 724 qualis
251 670 267 707 a
281 651 363 707 nobis
380 652 410 707 in
430 652 478 709 illo
492 652 583 727 capite
603 653 731 711 sublatus
745 664 798 719 est,
816 655 891 729 quod
906 655 951 711 De
970 656 1136 714 sacerdotiis
1152 657 1195 713 in-

147 749 283 824 scriptum
297 760 341 806 est
355 751 467 826 integre
481 750 669 809 conferendis.

188 878 228 890 -
242 866 303 922 cap.
316 863 344 920 5.
361 848 404 905 tit.
426 866 517 923 neque
532 893 558 907 ..
573 849 733 907 ..conferri
747 849 839 907 added
853 850 891 926 by
906 851 956 907 Cr.

188 943 236 1010 61,
252 946 355 1021 cap.6.
382 945 427 1002 tit.
456 964 472 1001 a
493 955 614 1020 patrono
635 947 671 1003 ad
692 965 763 1021 quos
783 947 951 1004 devolvatur
964 947 1013 1005 Cr.
1037 949 1147 1007 instead
1167 949 1199 1006 ol

147 1042 248 1116 quibus
260 1042 409 1100 tribuatur.

188 1140 237 1213 64,
253 1158 315 1215 cap.
330 1141 373 1196 16.
406 1140 440 1196 ln
455 1141 503 1198 the
518 1142 669 1217 marginis
683 1142 740 1199 this
754 1152 823 1199 note
836 1142 867 1199 in
876 1143 950 1200 Cn’s
963 1143 1050 1210 hand,
1066 1145 1125 1202 lsta
1139 1144 1197 1202 duo

146 1220 239 1311 capitis
252 1238 353 1295 melius
368 1237 534 1296 differentur
548 1240 584 1296 ad
597 1239 712 1297 titulum
725 1239 770 1296 De
784 1240 997 1298 Praebendariis.

187 1336 207 1392 6
209 1349 237 1410 5,
252 1335 272 1394 l.
284 1336 312 1392 6.
334 1336 519 1411 proventibus
533 1336 583 1395 Cr.
598 1337 710 1395 instead
724 1338 756 1395 of
767 1338 953 1415 vectigalibus

187 1435 235 1499 66,
253 1453 300 1491 22.
323 1434 485 1509 hujusmodi
500 1482 523 1491 ..
541 1436 683 1510 ..privari
699 1435 747 1492 Cr.
763 1436 875 1494 instead
892 1436 924 1493 of
939 1455 1056 1512 prorsus
1077 1437 1140 1495 illos
1160 1437 1196 1495 ab

145 1532 307 1606 hujusmodi
322 1533 485 1588 muneribus
500 1534 699 1591 ecclesiasticis
713 1534 816 1609 depelli
831 1535 969 1592 volumus.

187 1629 235 1703 67,
253 1644 299 1702 27.
322 1628 473 1685 decanis..
510 1676 514 1684 .
529 1629 735 1688 archidiaconis
750 1630 841 1688 added
856 1631 894 1706 by
910 1632 993 1690 Peter
1007 1632 1129 1708 Martyr.

187 1723 236 1787 68,
259 1742 267 1779 ι
274 1740 305 1796 3.
327 1723 449 1797 primum
464 1723 557 1780 added
570 1725 608 1799 by
623 1725 652 1780 P.
668 1727 709 1780 M.

185 1854 226 1863 -
245 1838 286 1896 ¹5·
309 1822 332 1877 si
346 1821 457 1878 diaconi
472 1822 577 1878 luerint
591 1823 684 1880 added
699 1824 736 1899 by
754 1823 785 1880 P.
798 1822 842 1879 Μ.

186 1952 226 1961 -
243 1919 288 1975 18.
310 1939 366 1994 quo
381 1929 482 1977 exacto
495 1969 498 1975 .
513 1967 518 1975 .
536 1969 539 1975 .
554 1968 558 1976 .
573 1920 724 1996 adigantur
738 1920 831 1977 added
844 1919 883 1995 by
897 1921 944 1977 Cr.

187 2018 236 2092 69,
255 2035 301 2092 27.
324 2019 369 2074 vel
384 2019 592 2093 quamprimum
607 2068 610 2075 .
625 2067 629 2074 .
647 2065 671 2076 ..
698 2018 783 2077 fuerit
797 2019 891 2077 added
903 2019 941 2094 by
959 2017 1006 2075 Cr.

188 2116 236 2187 69,
252 2134 312 2189 cap.
328 2132 372 2189 25.
402 2114 465 2173 The
490 2115 583 2172 whole
605 2116 638 2172 of
659 2117 716 2173 this
738 2116 856 2191 chapter
877 2115 934 2173 and
959 2116 995 2171 its
1016 2115 1079 2173 title
1103 2117 1196 2175 added

145 2210 183 2286 by
198 2210 245 2266 Cr.

185 2342 226 2350 —
240 2310 282 2365 tit.
305 2310 351 2366 De
370 2328 486 2367 renunc.
530 2309 608 2365 Here
627 2309 677 2366 the
691 2310 757 2367 MS.
772 2310 825 2366 has
843 2310 893 2368 the
912 2311 1060 2385 following
1079 2318 1147 2367 note
1166 2311 1196 2366 in

145 2406 246 2463 Foxe's
260 2407 394 2482 writing:
425 2407 630 2464 Desiderantur
642 2407 698 2464 hoc
712 2407 775 2464 loco
789 2426 840 2465 sex
854 2408 964 2466 articuli
976 2433 984 2474 ς
1007 2408 1138 2466 videlicet
1150 2409 1195 2466 De

145 2505 356 2560 renunciatione
377 2505 423 2561 vel
442 2504 601 2561 defectione
614 2503 825 2561 beneficiorum.
870 2522 897 2562 2.
919 2505 964 2562 De
986 2505 1194 2581 permutatione

144 2602 346 2659 beneficiorum
365 2601 630 2659 ecclesiasticomm.
673 2619 702 2676 3.
724 2601 769 2658 De
785 2603 964 2677 purgatione.
1006 2621 1036 2675 4.
1060 2603 1105 2661 De
1123 2602 1193 2660 dila-

144 2700 344 2774 pidationibus.
400 2718 428 2774 5.
461 2698 505 2756 De
532 2698 701 2754 alienatione
734 2709 763 2755 et
790 2699 946 2757 elocutione
981 2700 1196 2769 beneficiorum,

145 2796 173 2852 6.
195 2797 241 2853 De
260 2796 397 2853 electione
420 2796 470 2851 &c
512 2795 547 2851 lu
569 2795 670 2868 quibus
691 2795 779 2852 titulis
799 2796 980 2853 continentur
1001 2796 1126 2872 capitula
1146 2814 1196 2873 39.

145 2891 212 2948 And
228 2891 298 2949 then
316 2892 427 2949 follows
444 2891 564 2948 another
582 2900 650 2948 note
669 2892 698 2948 in
712 2892 761 2949 the
782 2911 860 2949 same
875 2892 971 2950 hand.
994 2893 1038 2950 De
1061 2892 1196 2968 dilapida-

145 2989 280 3055 tionibus‚
296 2989 473 3052 alienatione,
496 2989 653 3046 elocutione
676 2989 740 3046 vide
764 2990 793 3045 in
812 2990 868 3046 fine
890 2990 976 3065 hujus
995 2990 1110 3048 codicis.
1154 2988 1196 3047 So

145 3086 209 3143 that
227 3087 293 3162 only
307 3088 356 3143 the
374 3087 435 3143 first
450 3086 531 3142 three
551 3086 674 3144 sections
693 3106 740 3145 are
755 3086 895 3162 wanting,
913 3087 967 3144 viz.
982 3087 1055 3145 from
1070 3105 1144 3163 page
1160 3103 1197 3162 70

146 3194 176 3240 to
191 3202 263 3258 page
279 3185 326 3240 80.

188 3282 332 3356 80,1.30.
356 3292 459 3339 vocant
487 3281 667 3340 MS.dicunt

188 3379 236 3450 84.
252 3380 303 3436 ult.
324 3379 520 3436 ecclesiasticis
549 3378 617 3436 MS.
633 3398 689 3436 om.

188 3474 235 3549 85,
251 3493 312 3548 cap.
328 3493 350 3531 r.
363 3475 408 3531 tit.
431 3475 462 3531 N
463 3476 527 3532 ullae
539 3521 564 3535 ..
580 3521 605 3534 ..
625 3485 797 3535 mercatura
812 3476 860 3535 Cr.
870 3479 981 3537 instead
996 3479 1027 3536 of
1039 3478 1198 3537 Puniendos

145 3592 207 3630 esse
222 3582 393 3630 mercatores

185 3703 226 3714 -—
239 3673 259 3728 l.
277 3690 322 3745 13.
343 3671 448 3728 fuerint
475 3670 543 3729 MS.
558 3670 673 3728 fuerunt

190 3802 224 3812 -
242 3787 288 3825 21.
311 3769 436 3826 ecclesiae
466 3768 531 3826 MS.
547 3789 603 3826 om.

188 3866 235 3938 87,
253 3867 280 3924 8.
302 3867 496 3924 ministrorum
525 3866 590 3924 MS.
606 3866 777 3941 injustorum

185 3997 226 4006 -
242 3983 289 4020 20.
312 3964 433 4021 donatus
461 3962 528 4021 MS.
541 3964 669 4030 affectus,
685 3966 741 4022 and
756 3983 788 4021 so
803 3965 887 4040 again
901 3965 921 4021 l.
937 3981 985 4022 22.

187 4061 234 4127 88,
250 4082 312 4138 cap.
328 4081 349 4118 ι.
379 4062 414 4119 ln
432 4062 482 4120 the
504 4061 616 4136 margin
630 4062 848 4119 Animadversio
868 4062 1028 4120 adhibenda
1047 4063 1075 4119 in
1090 4062 1194 4119 Foxe's

203 4163 230 4218 d.

145 4163 235 4333 halip,
252 4258 271 4314 l.
286 4276 333 4314 22.
356 4257 468 4314 tertiam
484 4257 534 4314 Cr.
551 4256 662 4313 instead
677 4255 709 4312 of
721 4263 850 4329 quartam
