2692 4800
524 307 569 359 m
586 305 780 358 emensus
1147 290 1195 355 55

148 468 241 532 esto1
270 467 432 554 potestas
453 459 638 531 coercendi
663 481 791 530 uxores
813 458 942 551 quibus
970 458 1084 530 modis
1108 479 1197 551 opus

149 577 268 660 luerit,
303 578 332 648 si
362 568 522 660 rebelles,
553 585 789 658 contumaees,
816 574 1029 669 petulantes,
1062 574 1197 646 acerbae

148 694 218 766 sint
245 702 285 765 et
310 692 506 786 improbae3
532 692 638 762 modo
662 693 807 763 rationis
836 700 874 763 et
903 692 1077 784 aequitatis
1108 690 1197 762 fines

148 808 266 878 meriti
296 829 368 877 non
395 807 631 901 egrediantur.
684 806 732 878 Et
761 831 843 878 cum
874 809 911 877 in
931 807 1010 888 hoc,
1034 816 1112 877 tum
1140 804 1197 876 in²

149 922 385 1016 superioribus
419 921 558 992 delictis
591 921 658 992 hoc
692 922 806 992 teneri
838 920 966 1015 placet,
996 929 1038 991 ut
1071 919 1195 992 solutae

148 1061 310 1133 personae
335 1059 443 1109 novas
469 1038 512 1126 (si
530 1036 656 1128 velint)
675 1040 877 1131 nuptiarum
900 1038 1121 1109 conditiones
1146 1037 1197 1110 le-

148 1163 244 1251 gant,
272 1154 448 1226 convictae
478 1176 560 1223 vero
590 1154 745 1246 priorum
775 1153 962 1223 eriminum
992 1151 1050 1222 vel
1080 1152 1196 1226 exiliis

149 1272 338 1366 perpetuis,
356 1268 413 1340 vel
430 1277 560 1340 aeterna
577 1269 724 1340 carceris
742 1256 902 1341 custodia
918 1268 1131 1363 plectantur.

162 1523 241 1610 (lap.
257 1544 305 1591 ιι.
332 1524 450 1588 Parere
463 1522 669 1600 mmmmm,
684 1523 747 1589 nisi
758 1534 915 1612 perpetum
928 1525 999 1602 sint,
1014 1524 1182 1590 divortimn

559 1647 619 1689 non
634 1625 791 1690 intimant.

198 1746 238 1819 Si
263 1749 418 1819 minores
435 1748 599 1841 quaedam
624 1752 872 1821 contentiones
897 1759 960 1821 aut
986 1750 1198 1823 offensiones

149 1864 369 1959 obrepserint
394 1865 430 1934 in
453 1866 688 1947 matrimonio,
708 1867 812 1938 Pauli
835 1869 1013 1938 sententia
1036 1869 1197 1939 modera-

148 1983 219 2051 trix
236 2004 358 2052 earum
377 2004 453 2052 esse
476 1981 593 2064 debet,
612 1991 653 2052 ut
676 1993 738 2054 aut
757 2007 847 2053 uxor
863 1984 991 2055 marito
1015 2006 1052 2055 se
1076 2007 1196 2055 recon-

148 2097 258 2180 ciliet,
276 2097 369 2190 quod
387 2097 551 2168 omnibus
575 2122 757 2191 poenarum
779 2108 818 2170 et
842 2100 1084 2171 hortationum
1104 2100 1197 2170 ordi-

148 2214 254 2285 nariis
290 2222 328 2284 et
355 2215 640 2295 extraordinariis
674 2217 740 2285 viis
773 2217 951 2309 procurari
985 2216 1103 2300 debet,
1133 2224 1195 2287 aut
1206 2234 1245 2303 27

148 2329 282 2424 absque
298 2353 390 2400 novo
408 2331 570 2423 conjugio
587 2341 750 2415 maneat3
769 2332 805 2401 id
816 2332 911 2424 quod
924 2342 961 2404 et
975 2333 1048 2404 viro
1065 2335 1196 2426 pariter

149 2446 351 2518 laciendum
368 2446 567 2517 statuimus,

226 2684 305 2769 (lap.
320 2703 368 2769 13·
388 2685 559 2768 Perpetem
573 2683 691 2750 merlam
705 2706 763 2749 om
778 2685 856 2750 tollit
869 2687 1107 2751 matrimonium.

197 2805 237 2877 Si
265 2806 358 2877 forte
384 2810 577 2902 conjugum
603 2809 775 2881 alteruter
802 2817 1014 2902 perpetuum
1042 2807 1197 2901 aliquem

147 2922 310 2993 morbum
328 2925 553 3006 contraxerit,
567 2927 666 3018 cujus
685 2923 783 2994 nulla
804 2923 935 2994 levatio
953 2921 1083 3017 possit³
1100 2925 1197 2993 inve-

147 3039 224 3122 niri,
242 3048 363 3108 tamen
379 3040 644 3111 matrimonium
669 3041 705 3110 in
724 3041 887 3111 omnibus
909 3040 1113 3131 hujusmodi
1130 3040 1198 3110 dif-

146 3153 364 3226 ficultatibus
393 3155 609 3247 perdurabit.
675 3156 852 3241 Quoniam
878 3157 947 3228 hoo
977 3180 1088 3227 unum
1120 3177 1196 3228 esse

147 3272 255 3343 debet
267 3272 482 3364 praeeipuum
493 3282 530 3343 et
544 3274 715 3344 eximium
729 3274 944 3345 matrimonii
957 3273 1195 3356 commodum,

146 3396 188 3457 ut
205 3385 350 3457 mutua⁴
366 3385 460 3458 mala
476 3390 610 3461 mutuis
627 3391 818 3484 conjugum
837 3388 959 3460 officiis
976 3389 1090 3462 sedari
1108 3387 1197 3460 leni·

145 3505 247 3598 rique
264 3504 408 3597 possint.

171 3740 249 3825 Cup.
265 3758 312 3823 14
337 3741 478 3806 Dureau
492 3740 544 3806 lm
557 3741 702 3826 quomodo
716 3762 770 3806 reo
776 3762 910 3828 pesona
923 3737 1152 3805 sustentabitur.

196 3863 374 3948 Quoniam
400 3887 492 3957 saepe
517 3886 683 3958 magnam
700 3863 974 3938 controversiam
997 3860 1133 3932 habent
1157 3867 1195 3931 et

146 3981 341 4077 longissimi
368 3988 451 4052 sunt
476 3982 645 4075 temporis
668 3981 750 4053 lites
775 3979 1040 4061 adulteriorum,
1063 3975 1195 4049 venefi-

146 4097 291 4181 ciorum,
309 4096 512 4192 capitalium
538 4098 754 4183 insidiarum,
776 4105 814 4169 et
839 4096 941 4168 malae
963 4092 1193 4176 metationis,

228 4276 304 4338 ¹est.
428 4273 483 4336 2ἰιι
497 4280 543 4338 bis
557 4300 620 4357 sup.
744 4281 872 4357 ³potest.
996 4274 1121 4333 ⁴multa.
