2692 4800
216 308 256 344 xx
541 286 759 351 PRAEFATIO,
782 287 935 362 Eu.1571.

215 439 341 504 incitari
366 446 495 523 possent
506 465 515 516 3
548 461 606 502 neo
633 439 722 502 malis
746 439 970 523 suppliciorum
995 440 1123 502 abesset
1147 444 1264 512 metus,

216 564 278 629 qno
306 550 493 606 revocentur
515 565 535 605 a
560 541 707 626 flagitio,
745 541 899 626 simulque
929 541 1116 626 injuriamm
1138 548 1265 605 contro-

217 645 335 721 versiae,
360 646 400 727 (si
427 668 496 729 quae
524 646 736 728 emergerent)
762 643 831 708 tolli
860 644 971 708 eodem
996 650 1092 727 pacto
1121 649 1155 707 et
1179 643 1265 706 finiri

218 758 357 831 possent.

54 855 170 931 Quis
262 846 410 912 Ceterum
434 846 566 931 diligens
594 848 646 910 hic
673 870 744 910 oum
772 848 891 933 primis,
918 855 952 912 et
981 848 1147 933 multiplex
1175 847 1267 912 adhi-

54 922 184 1036 ἓξὲξ
218 949 323 1014 benda
351 949 456 1013 cautio
481 955 540 1013 est.
594 949 868 1030 Quemadmodum
890 951 973 1014 enim
999 973 1063 1014 non
1085 950 1187 1014 omnis
1209 951 1265 1014 ad-

54 1052 202 1101 adhibenda.
216 1051 375 1116 mittenda
399 1058 450 1116 est
471 1051 504 1114 in
529 1059 631 1116 coetus
656 1052 802 1139 politicos
824 1052 943 1138 religio,
968 1053 1028 1117 nisi
1054 1076 1124 1138 quae
1145 1054 1187 1118 ad
1212 1076 1266 1117 ex·

215 1176 356 1239 pressam
385 1153 498 1217 divinae
528 1154 700 1218 voluntatis
733 1177 876 1219 normam
907 1177 1002 1240 quam
1036 1155 1266 1241 simplicissime

214 1257 407 1341 respondeat
424 1282 432 1330 ;
457 1255 505 1320 ita
518 1262 553 1320 et
574 1256 606 1319 in
627 1256 799 1321 condendis
814 1258 935 1343 legibus
949 1258 1098 1343 prudenti
1114 1280 1187 1321 cum
1201 1260 1266 1344 pri-

214 1360 274 1422 mis
296 1359 420 1423 delectu
443 1359 597 1423 utendum
619 1382 741 1437 censeo,
758 1370 794 1426 ut
819 1362 998 1446 reipublicae
1024 1361 1266 1425 accommoden-

215 1469 280 1538 tur,
303 1484 366 1525 non
390 1484 461 1547 quae
484 1470 604 1526 temere
626 1462 762 1548 cujusvis
784 1463 918 1528 effundit
940 1465 1113 1538 temeritas,
1136 1471 1195 1529 aut
1217 1472 1267 1550 ty-

216 1564 323 1629 rannis
345 1562 500 1639 obtrudit,
516 1564 572 1627 sed
592 1586 663 1648 quae
684 1565 725 1628 ad
745 1566 953 1650 archetypum
976 1567 1058 1650 aequi
1083 1575 1117 1630 et
1137 1566 1266 1631 honesti

216 1674 313 1751 atque
335 1666 377 1730 ad
400 1666 549 1751 perfectae
572 1666 706 1731 rationis
730 1667 872 1754 regulam
895 1669 1051 1733 accedant
1073 1690 1267 1754 quamprox-

218 1769 288 1832 ime.
335 1767 594 1852 Prospiciendum
620 1766 743 1846 deinde,
768 1791 808 1834 ue
833 1779 891 1835 aut
913 1770 982 1835 fisci
1003 1772 1125 1835 luorum
1147 1771 1266 1848 oleant,

216 1877 274 1937 aut
291 1872 449 1958 privatam
468 1872 595 1957 sapiant
612 1872 795 1952 utilitatem,
812 1875 987 1960 cujusmodi
1004 1874 1153 1960 Epitadae
1167 1874 1267 1940 fuisse

215 1976 371 2051 seruntur,
390 1973 445 2060 qui
465 1996 536 2038 cum
557 1974 658 2060 legem
678 1975 814 2049 tulisset,
831 1982 868 2039 ut
889 1976 1024 2040 liberum
1046 1983 1129 2040 esset
1151 1975 1269 2061 cuique

217 2099 283 2153 sua,
309 2077 361 2141 cui
386 2076 489 2154 vellet,
516 2076 704 2161 relinquere,
729 2077 806 2140 nihil
836 2077 963 2141 interim
990 2079 1117 2164 agebat,
1144 2077 1204 2142 nisi
1227 2087 1268 2145 ut

217 2180 283 2265 ipse
308 2178 418 2256 filium,
442 2199 536 2263 quem
560 2176 689 2252 odisset,
712 2176 814 2261 possit
839 2179 1050 2243 exhaeredare.
1096 2179 1199 2244 Porro
1224 2203 1268 2246 ne

216 2282 437 2347 crudelitatem
460 2280 592 2365 spirent,
611 2279 720 2364 quales
744 2288 836 2344 erant
851 2282 1009 2347 Draconis
1031 2291 1065 2347 et
1083 2282 1268 2348 Phalaridis

217 2384 501 2471 Agrigentinorum
520 2382 658 2468 tyranni,
675 2382 789 2467 quibus
807 2391 841 2448 et
856 2385 993 2471 episcopi
1009 2385 1145 2450 Romani
1162 2387 1268 2453 addas

216 2487 333 2552 licebit.
383 2485 544 2551 Profuerit
569 2493 603 2550 et
625 2485 703 2549 illud
728 2485 857 2571 insuper
882 2510 1002 2566 cavere,
1028 2511 1067 2552 ne
1093 2489 1179 2576 leges
1205 2491 1266 2554 im-

216 2589 341 2654 modica
373 2588 601 2674 superfluitate,
631 2609 669 2651 ac
705 2588 908 2654 multitudine
944 2590 1096 2654 scitorum
1130 2600 1267 2657 onerent

217 2692 318 2778 magis
333 2714 429 2778 quam
449 2698 563 2756 ornent
580 2690 814 2776 rempublicam.

261 2795 450 2879 Quanquam
474 2817 548 2859 vero
572 2794 664 2880 longe
690 2793 723 2856 id
749 2794 1047 2878 praestantissimum
1072 2798 1187 2877 fuerat,
1212 2821 1267 2863 vo

217 2898 322 2983 tisque
346 2898 492 2962 omnibus
516 2897 701 2982 optandum,
727 2897 881 2981 ejusmodi
907 2899 1046 2963 omnium
1068 2921 1136 2964 osso
1159 2899 1268 2965 Chris

217 3002 377 3066 tianorum
400 3023 513 3078 mores,
529 3007 566 3064 ut
587 3021 652 3063 non
673 3000 782 3083 paucis
804 3007 862 3064 aut
883 3002 1057 3066 moderatis
1077 3003 1181 3080 modo,
1209 3004 1268 3068 sed

217 3105 310 3168 nullis
329 3103 437 3190 potius
455 3103 583 3167 omnino
601 3124 681 3188 opus
700 3110 784 3167 esset
798 3102 941 3188 legibus3
967 3111 1156 3190 tantumque
1173 3127 1268 3190 posse

218 3208 377 3293 religionis
394 3207 534 3291 vigorem
556 3206 642 3291 apud
663 3227 782 3284 omnes,
798 3216 835 3270 ut
853 3206 892 3270 de
912 3207 1003 3271 nobis
1022 3230 1094 3272 vere
1114 3208 1268 3275 affirmari

218 3318 327 3398 posset
342 3310 510 3374 Paulinum
524 3309 612 3386 illud,
627 3310 780 3391 Lesyiato
788 3310 891 3395 posita
913 3332 973 3374 coa
986 3319 1035 3387 est,
1054 3312 1111 3376 &c
1125 3338 1135 3389 ς
1158 3334 1269 3377 verum

219 3414 346 3499 quando
368 3412 481 3477 hocin
501 3418 595 3476 tanta
613 3412 687 3476 vitae
705 3411 891 3476 infirmitate
908 3412 1052 3477 obtinere
1074 3436 1137 3477 non
1159 3413 1269 3495 datur,

219 3517 325 3582 nescio
343 3515 440 3580 etiam
460 3537 501 3580 an
524 3536 652 3599 sperare
673 3515 778 3594 liceat,
803 3517 835 3578 in
859 3516 1005 3581 invisibili
1028 3517 1088 3582 hac
1114 3518 1270 3597 Ecclesia,

219 3621 274 3686 ubi
295 3619 473 3705 promiscue
496 3640 567 3681 cum
588 3618 680 3682 bonis
702 3618 750 3683 ita
772 3619 915 3704 pemiisti
938 3619 1011 3684 mali
1034 3629 1120 3697 sunt,
1141 3626 1178 3686 ut
1199 3645 1269 3687 am-

124 3740 148 3799 113
220 3724 302 3810 plior
337 3722 521 3808 plerumque
553 3744 629 3806 pars
658 3721 764 3787 vincat
793 3722 979 3799 meliorem3
1016 3723 1134 3787 idcirco
1162 3725 1271 3811 legum

186 3825 192 3837 ’
219 3824 398 3889 necessario
424 3830 610 3908 comparata
635 3830 711 3888 sunt
736 3822 894 3908 praesidia,
917 3829 955 3887 ut
978 3846 1057 3908 quos
1080 3824 1195 3890 ducere
1219 3847 1268 3891 re-

218 3927 294 4013 ligio
312 3935 459 4013 nequeat,
476 3926 647 4012 disciplinae
668 3927 780 3991 saltem
795 3927 962 4012 legumque
983 3926 1120 3991 retineat
1135 3929 1269 3994 coercio.

220 4030 294 4095 Sine
322 4031 436 4116 quibus
457 4030 575 4094 nullam
596 4052 689 4115 posse
711 4030 856 4095 hnmanae
879 4031 1041 4132 societatis
1062 4031 1270 4116 gubernatio-

219 4155 290 4197 nem
311 4139 469 4209 constare,
485 4154 547 4195 non
567 4134 662 4196 modo
682 4132 893 4197 recentiorum
911 4140 1090 4218 temporum
1112 4133 1268 4218 exempla,

219 4236 273 4298 sed
301 4235 521 4299 vetustissimae
551 4235 648 4299 etiam
678 4235 889 4320 antiquitatis,
914 4235 1030 4319 ubique
1057 4237 1269 4320 comprobant
