2692 4800
501 326 550 378 nn
574 325 829 378 mrsuuurrs.
1117 310 1189 377 155

147 505 272 555 munus
305 481 373 553 hoo
411 481 724 553 administrationis
762 490 825 552 aut
860 482 920 551 uni
952 479 1094 552 illorum
1128 493 1192 553 aut

146 598 303 693 pluribus
331 595 494 670 collooet.
550 595 643 668 Cum
673 607 793 670 autem
825 597 862 667 in
892 597 967 690 pari
995 597 1191 670 multorum

145 716 354 812 oognatiorm
378 714 506 808 aliquis
530 737 622 786 unus
647 714 783 797 existit,
805 715 867 806 qui
893 713 1104 785 beneficium
1129 715 1245 795 ad-74

145 833 410 905 ministrationis
442 833 546 926 petit,
579 830 635 903 vel
675 831 712 902 in
752 830 882 924 dispari
916 830 1126 926 cognatione
1162 834 1192 903 si

145 947 248 1021 multi
270 949 422 1043 eupiunt
443 949 489 1019 ad
513 947 583 1019 hoo
607 947 791 1042 negotium
812 946 953 1032 assumi,
965 946 1080 1038 judex
1104 970 1194 1018 uxo-

144 1088 218 1138 rem
245 1065 378 1136 mortui
408 1071 529 1159 potest
553 1072 592 1135 et
617 1062 673 1134 rel
699 1061 801 1134 illum
826 1061 1040 1157 singularem
1066 1064 1193 1148 vinum,

145 1183 173 1256 si
206 1181 305 1266 velit,
333 1182 372 1253 in
405 1181 474 1252 hoo
507 1203 654 1252 munera
688 1178 864 1273 oopulnre,
894 1178 951 1250 vol
986 1201 1031 1250 ex
1066 1182 1194 1251 ceteris

145 1297 323 1392 quoslibet
347 1297 531 1394 designare
556 1319 620 1369 suo
650 1296 832 1381 arbitratu,
858 1297 965 1369 modo
995 1319 1132 1368 merces
1155 1298 1192 1368 in

145 1415 210 1488 hao
239 1438 279 1487 rs
304 1413 405 1487 nulla
433 1415 657 1486 interveniat.
709 1412 790 1485 Neo
813 1413 927 1506 judici
957 1435 1003 1484 ex
1027 1413 1195 1485 adminis-

145 1540 318 1603 tratorum
352 1531 594 1626 designatione
623 1529 714 1602 lueri
746 1530 935 1624 quiequam
966 1530 1074 1602 debet
1104 1552 1193 1616 esse,

146 1646 210 1718 nisi
236 1646 331 1718 bona
356 1669 462 1740 supra
486 1647 643 1740 quinque
669 1646 775 1718 libras
799 1647 1045 1730 aseenderiut3
1079 1647 1194 1718 scriba

147 1764 252 1835 etiam
287 1764 323 1832 in
353 1763 396 1834 iis
425 1762 691 1855 fortunisque
719 1763 765 1833 ad
794 1763 952 1855 quinque
981 1761 1088 1833 libras
1121 1784 1192 1834 nou

146 1880 368 1973 perveniunt,
397 1901 460 1950 sex
491 1878 651 1950 denarios
679 1879 838 1972 accipiet.
891 1878 996 1964 Quod
1024 1879 1053 1950 si
1084 1878 1194 1950 iacul-

147 2005 237 2068 tates
270 1996 428 2088 quinque
461 1994 628 2066 librarum
664 1996 934 2068 estimationem
969 1997 1125 2079 vineant,
1155 2005 1193 2066 et

148 2122 263 2185 tamen
291 2113 523 2207 qnadraginta
547 2111 646 2184 libris
671 2113 890 2207 angustiores
921 2112 1003 2196 siut,
1029 2111 1074 2182 ad
1097 2111 1194 2204 judi-

148 2252 223 2302 oem
240 2237 279 2301 et
295 2230 372 2322 ejus
388 2229 613 2300 administros
633 2228 779 2323 triginta
796 2227 927 2299 denarii
947 2226 1138 2300 confluent.

215 2443 357 2529 Gap43.
383 2439 665 2522 mementote
679 2440 778 2527 copiti
790 2439 1014 2527 marpessas
1028 2439 1122 2506 siat&

194 2583 370 2668 Quoniam
394 2584 510 2655 aosrri
533 2582 796 2655 dubitationum
814 2590 852 2653 et
874 2580 1190 2652 controversiarum

147 2701 182 2772 in
195 2701 266 2773 hoo
284 2707 581 2773 testamentorum
598 2707 707 2794 eaput
728 2698 940 2793 comportari
962 2695 1088 2780 solent,
1105 2696 1191 2767 dum

147 2816 283 2888 iniinita
299 2817 453 2888 virorum
476 2815 623 2888 avaritia
644 2823 864 2887 mortuorum
882 2813 1103 2884 voluntatem
1126 2814 1193 2885 cir·

147 2932 348 3004 oumreuire
376 2932 532 3015 molitur,
563 2930 726 3004 omnibns
755 2931 915 3025 partibus
943 2927 1084 3000 illorum
1115 2950 1193 3020 per·

147 3048 301 3120 versitati
324 3046 442 3141 plsost
463 3050 608 3120 occurri.
660 3047 886 3141 Quapropter
908 3068 1055 3138 quarum
1075 3068 1191 3116 rerum

148 3164 180 3234 in
212 3164 257 3235 iis
297 3163 609 3235 constitutionibus
646 3163 821 3234 medicina
859 3160 916 3232 vel
953 3161 1083 3231 levatio
1121 3183 1193 3231 nou

146 3287 263 3374 potest
287 3280 447 3362 inveniri,
473 3279 519 3350 de
544 3279 614 3351 illis
638 3279 683 3350 ad
702 3279 793 3371 juris
819 3277 972 3350 Caesarsi
999 3276 1194 3348 authorita-

146 3403 218 3467 tem
235 3396 513 3491 ooufugiendum
532 3396 620 3480 erit;
646 3417 728 3466 cum
745 3394 813 3466 hoo
833 3404 953 3465 tamen
971 3392 1192 3484 exceptione,

146 3511 231 3583 nihii
254 3512 401 3584 atinde
423 3520 584 3584 sumatur
602 3512 815 3605 hujusmodi,
833 3509 929 3605 quod
947 3508 1003 3580 vel
1028 3530 1109 3579 oum
1133 3508 1194 3580 de·

146 3630 251 3701 oretis
275 3627 373 3701 hisoe
396 3631 525 3701 nostris
551 3628 795 3702 ecelesiasticis
819 3637 966 3723 pugnet,
987 3625 1044 3697 vel
1069 3648 1092 3697 a
1116 3647 1194 3696 mu·

146 3743 285 3839 nioipali
297 3745 380 3837 jure
397 3747 495 3841 regni
514 3748 624 3817 nostri
642 3745 820 3817 dissideat.

617 3940 625 3979 ¹
642 3952 718 4001 sunt.
