2692 4800
390 324 439 377 ne
463 324 754 379 consummar.
800 326 832 377 o.
851 328 880 373 1.
1092 308 1164 381 259

120 476 192 549 rito
216 474 432 547 eredendum
458 485 536 559 est;
560 474 690 568 alioqui
711 475 824 567 judex
847 497 908 547 eos
930 474 985 545 vel
1011 496 1082 545 non
1107 474 1169 547 ad·

120 594 258 677 mittat,
299 589 355 663 rel
395 591 515 695 lidenr,
548 616 654 684 quam
695 592 856 675 voluerit,
892 592 961 665 illis
1000 594 1168 665 adhibere
1275 626 1278 639 ·

120 710 266 803 poterit.

122 918 202 1005 cap.
213 936 268 1003 54.
293 918 401 1004 Neque
414 924 501 981 terias
515 938 606 1003 aequo
621 917 705 981 dieta
724 917 840 981 testium
854 917 953 1003 refelli
966 924 1171 1004 prorumpent

217 1021 359 1107 primam
372 1020 609 1107 maiprralioaem
623 1020 668 1085 ad
680 1020 868 1119 arcdimdunr
881 1020 1068 1086 sententiam.

175 1166 214 1239 Si
241 1166 326 1261 quid
352 1168 388 1236 in
415 1166 518 1237 dietis
543 1166 690 1237 testium
715 1188 736 1235 a
759 1166 908 1237 veritate
930 1164 1085 1236 alienum
1110 1166 1171 1235 de-

123 1282 365 1377 prehenditur,
389 1289 452 1352 aut
480 1304 628 1375 persona
658 1280 752 1352 illius
776 1281 952 1375 reprobari
982 1280 1171 1374 aliquando

123 1402 246 1495 possit,
263 1402 299 1471 id
325 1400 504 1493 usquead
528 1400 678 1493 primam
703 1400 974 1493 assignationem
1001 1400 1046 1469 ad
1072 1399 1172 1470 andi·

123 1519 259 1591 endum
288 1517 502 1587 sententiam
531 1517 678 1609 proponi
709 1516 955 1608 permittimus,
985 1518 1060 1587 sive
1092 1518 1172 1611 quis

123 1644 342 1731 protestatus
380 1634 490 1704 fuerit
528 1641 649 1703 eontra
683 1656 754 1717 eos,
787 1634 861 1703 sive
894 1656 964 1704 non
1005 1642 1059 1704 est
1093 1656 1173 1728 pro-

125 1760 289 1823 testatus.

222 1959 301 2045 Gap.
313 1976 366 2043 55.
390 1955 532 2043 Officium
538 1955 656 2041 judicis
669 1956 705 2021 ia
718 1956 932 2023 nominandis
945 1956 1077 2023 torridus.

178 2095 339 2167 Pertinet
368 2103 487 2165 autern
522 2093 744 2187 peculiariter
777 2096 822 2164 ad
855 2094 1009 2165 officium
1032 2095 1174 2187 judicis,

127 2212 318 2307 diligenter
343 2219 453 2281 testes
478 2211 678 2281 examinare
705 2210 750 2282 de
775 2211 922 2306 singulis
949 2214 1081 2307 negotii
1109 2214 1175 2283 eir-

128 2328 363 2409 eumstantiis,
391 2335 432 2397 ut
460 2327 554 2418 quod
586 2350 649 2419 per
680 2336 798 2421 partes
831 2327 889 2398 vel
917 2350 1038 2401 earum
1066 2330 1173 2401 advo-

128 2456 227 2519 eatos
249 2444 417 2515 omissum
445 2443 537 2515 forte
563 2445 609 2515 sit
635 2445 671 2514 in
697 2444 853 2516 articulis
878 2456 916 2516 et
940 2447 1172 2541 interrogato-

128 2563 189 2635 riis
204 2559 453 2654 concipiendis,
470 2559 558 2631 illud
576 2562 650 2653 ipse
667 2560 841 2654 suppleat.

399 3176 466 3247 nn
496 3178 911 3251 consuleremus.
1194 3218 1252 3287 123

416 3374 493 3461 (lap.
504 3354 536 3440 l
562 3350 747 3441 Oomurtualo
759 3376 837 3463 quid
848 3378 896 3441 rit.

182 3512 414 3585 Consuetudo
433 3525 488 3585 est
504 3516 566 3608 jus
588 3516 764 3607 quoddam
787 3515 943 3587 moribus
963 3516 1177 3601 institutum,

132 3633 226 3725 quod
258 3653 321 3724 pro
352 3630 431 3725 lege
460 3633 658 3726 suscipitur,
685 3656 765 3704 eum
796 3633 915 3703 delicit
939 3632 1012 3719 lex,
1037 3656 1098 3703 seu
1119 3634 1179 3725 jus

133 3748 310 3841 quoddam
334 3750 491 3821 moribus
515 3774 577 3822 seu
602 3752 722 3821 usibus
745 3750 867 3843 populi
890 3751 1000 3821 totius
1026 3750 1084 3822 vel
1105 3773 1179 3823 ma·

127 3866 216 3957 joris
241 3867 349 3959 partis
377 3868 515 3937 ratione
540 3870 730 3949 initiatum,
755 3870 1009 3950 continuatum,
1033 3877 1071 3937 et
1096 3890 1179 3938 eon·

134 3983 311 4066 stitutum,
329 3982 417 4077 legis
434 3982 567 4055 habens
586 3984 848 4055 authoritatem.
888 3984 944 4055 Ex
960 4007 1031 4054 non
1049 3985 1179 4077 scripto

135 4101 230 4170 enim
255 4101 316 4192 jus
344 4101 442 4171 venit
475 4103 570 4193 quod
601 4124 683 4172 usus
713 4101 929 4195 approbavit.
981 4100 1078 4171 Nam
1104 4102 1180 4171 diu·

137 4218 228 4288 turni
259 4240 376 4290 mores
403 4240 573 4291 consensu
604 4222 780 4290 utentium
817 4219 1033 4313 comprobati
1065 4220 1179 4315 legem

136 4333 329 4405 innitantur.

657 4458 716 4525 sil
