2692 4800
146 277 218 345 130
561 292 785 345 sannorum.
1187 286 1262 348 σ

145 446 277 518 domini
304 445 375 516 sint
401 467 577 541 agrorum,
597 447 728 528 ovium,
746 467 943 530 saetarum,
959 455 1026 520 aut
1046 448 1193 523 abarum

144 560 344 656 hujusmodi
378 561 656 644 commodorum,
686 584 765 654 quoe
798 562 1040 656 superioribus
1068 565 1195 637 nostris

144 674 281 771 legibus
298 675 515 748 deeimarum
525 677 588 769 jus
604 674 773 761 efficiunt,
790 698 855 770 pro
871 674 1015 750 illorum
1032 688 1195 775 respectu

145 792 313 863 ministris
329 789 435 884 plene
450 790 614 862 volumus
631 791 804 862 satisfieri.
911 815 916 823 ·

192 1014 271 1101 (lap.
289 1030 336 1098 17.
366 1014 469 1079 Ouaao
490 1011 678 1077 momorum
699 1012 781 1078 inter
801 1013 885 1097 ipsos
904 1013 1068 1080 minimus
1088 1036 1151 1081 am

552 1113 780 1201 proprodt'otur.

200 1254 378 1339 Quoniam
417 1253 645 1326 ecelesiarum
688 1255 839 1326 ministri
882 1278 1023 1329 summa
1064 1257 1197 1330 debent

144 1372 237 1440 inter
266 1391 304 1441 se
338 1370 511 1440 charitate
540 1368 719 1462 conjungi,
750 1377 986 1462 pacatamque
1015 1370 1127 1442 vitam
1159 1380 1197 1442 et

144 1483 370 1576 tranquillam
394 1485 532 1578 degere,
549 1506 719 1578 magnum
743 1483 852 1555 habet
872 1486 1038 1570 dedecus,
1055 1496 1099 1558 ut
1119 1510 1197 1581 pro·

145 1611 225 1695 pter
253 1601 468 1671 deeimarum
496 1601 631 1672 fructus
665 1602 876 1695 turpissimis
906 1602 1196 1678 alterationibus

145 1726 183 1788 et
206 1717 420 1788 immanibus
440 1717 548 1787 etiam
572 1717 741 1810 impensis
762 1718 858 1788 inter
879 1741 918 1790 se
936 1719 1196 1793 conflictentur.

145 1832 200 1905 Ut
232 1834 343 1927 igitur
382 1834 583 1925 hujusmodi
617 1857 756 1905 morum
791 1832 889 1907 labes
928 1846 967 1908 et
1000 1840 1196 1931 perniciosa

145 1948 396 2020 discordiarum
427 1948 593 2042 exempla
626 1949 799 2022 tollantur
831 1962 870 2023 et
899 1956 1195 2041 exterminentur,

144 2065 236 2137 hano
257 2065 473 2137 deeimarum
501 2089 643 2138 oausam
670 2066 769 2138 nullo
793 2068 900 2139 modo
924 2070 1084 2162 patimur
1103 2072 1196 2143 iuter

143 2183 321 2253 ministros
339 2182 431 2273 ipsos
448 2184 648 2265 consistere,
666 2205 733 2254 neo
749 2206 841 2255 unus
861 2183 1003 2255 illorum
1020 2185 1069 2257 ab
1084 2186 1195 2258 altero

145 2301 299 2371 decimas
321 2297 473 2369 ullorum
491 2306 655 2391 respectu
671 2297 989 2371 ecclesiastieorum
1013 2301 1195 2374 fruetuum

145 2416 310 2508 excipiat.

199 2629 279 2714 Oap.
295 2630 341 2692 18.
366 2626 553 2692 Consuetudo
568 2649 628 2690 noa
641 2627 776 2692 mendi
787 2629 919 2693 Musas
933 2629 1077 2696 invalido
1090 2633 1142 2697 sit.

196 2765 289 2836 Cum
317 2765 463 2834 decima
488 2765 584 2834 omui
611 2765 765 2836 humano
789 2767 872 2858 jure
896 2768 972 2838 siue
996 2767 1117 2862 aliqua
1142 2770 1193 2841 di·

145 2884 343 2953 minutione
369 2880 544 2950 solvendae
570 2881 651 2963 sint,
669 2890 707 2951 et
728 2881 910 2953 salvatoris
932 2885 1044 2955 nostri
1062 2886 1193 2959 christi

145 2999 344 3093 pastoribus
367 2997 498 3087 ubique
518 3008 688 3066 terrarum
712 2998 930 3085 debeantur3
956 3010 994 3071 et
1015 3025 1098 3073 eum
1119 3002 1194 3097 plu·

146 3115 243 3185 ribus
260 3114 296 3182 in
315 3112 400 3183 locis
423 3123 566 3204 propter
582 3136 652 3181 non
671 3112 804 3183 solutas
825 3115 977 3186 decimas
998 3118 1194 3190 animarum

146 3252 267 3299 curam
290 3227 502 3298 habentibus
518 3229 607 3298 adeo
632 3227 801 3322 exiguum
827 3230 993 3322 pretium,
1017 3242 1061 3302 ιιι
1084 3257 1130 3304 ex
1153 3258 1194 3306 eo

146 3353 326 3438 nequeant
350 3367 504 3438 congrue
525 3347 723 3427 sustentari,
742 3345 971 3439 relinquatur,
987 3349 1110 3441 itaque
1136 3351 1196 3421 liat

146 3470 188 3531 ut
210 3462 313 3553 pauoi
334 3461 557 3531 inveniantur
580 3470 746 3553 pastores,
768 3463 828 3554 qui
853 3463 961 3534 ullam
985 3464 1060 3535 vel¹
1084 3468 1198 3538 modi·

147 3600 226 3648 cam
252 3577 384 3648 babent
410 3579 572 3669 peritiam
600 3600 775 3649 sacrarum
802 3577 1008 3663 literarum;
1042 3604 1198 3676 eumque

147 3697 240 3766 inter
263 3704 382 3765 cetera
402 3719 479 3786 quaa
499 3696 543 3765 ad
572 3693 722 3764 salutem
748 3695 868 3788 populi
886 3696 1076 3769 Christiani
1100 3723 1200 3794 speo-

147 3820 236 3894 tant,
254 3810 423 3904 pabulum
451 3812 547 3882 verbi
573 3811 640 3881 Dei
665 3812 821 3882 maxime
847 3821 1012 3883 noscatur
1034 3837 1112 3886 esse
1138 3840 1201 3889 ne-

148 3928 347 4010 cessarium,
365 3950 475 4020 osque
493 3927 592 3999 bovis
617 3927 716 4021 ligari
742 3952 811 3997 nou
836 3929 964 4000 debeat
988 3930 1202 4021 triturantis,

148 4047 209 4117 sed
237 4045 296 4137 qui
328 4044 429 4114 altari
457 4044 564 4114 servit
591 4045 635 4113 de
661 4042 762 4112 altari
790 4044 907 4114 vivere
936 4042 1092 4129 debeat3
1127 4057 1203 4121 sta·

642 4179 650 4224 ¹
668 4191 705 4240 et.
