2692 4800
144 306 216 372 134
477 320 526 372 nn
543 319 844 373 vrsmsmonmus
1173 302 1259 377 0⁶4

144 473 403 556 emolumentis,
420 495 502 565 quae
525 473 705 566 pertinent
725 473 771 543 ad
791 471 1055 544 communium¹
1077 471 1187 568 hujus·

144 588 240 659 modi
270 589 493 682 negotiorum
528 586 882 658 administrationem.
944 583 1028 657 Nec
1061 586 1100 659 in
1127 586 1188 660 boo

143 726 274 798 genere
308 705 496 796 quicquam
527 705 709 774 minuatur
737 700 889 786 illorum,
917 724 1000 794 quae
1027 702 1086 774 vel
1114 726 1189 775 eon·

146 843 260 901 sensu,
296 821 353 890 rel
391 821 657 901 consuetudine,
692 818 749 889 vel
788 841 998 911 quacunque
1037 818 1190 913 legitima

147 935 294 1018 ratione,
312 933 474 1005 solebant
498 935 542 1004 ad
568 932 648 1004 illos
673 933 813 1004 deferri.
864 931 918 1004 Et
940 942 984 1004 ut
1006 932 1076 1006 huc
1099 934 1137 1004 in
1157 956 1190 1005 re

147 1049 283 1121 facilior
311 1053 357 1122 sit
388 1051 593 1146 progressio,
620 1051 649 1120 si
679 1050 738 1143 qui
768 1049 962 1144 negligant,
987 1056 1054 1121 aut
1083 1050 1190 1121 nolint

146 1163 347 1256 hujusmodi
378 1166 578 1236 mercedem
608 1166 788 1259 expedire,
814 1165 956 1260 qualem
986 1166 1190 1238 visitationis

147 1304 276 1352 munus
302 1282 469 1375 postulat,
493 1290 649 1375 potestas
678 1283 746 1353 erit
774 1281 830 1353 his
861 1283 921 1375 qui
951 1283 1120 1354 visitandi
1148 1282 1191 1354 la·

147 1399 250 1471 bores
280 1400 424 1482 obeunt,
449 1400 701 1471 beneficiorum
733 1402 869 1471 fructus
895 1423 1094 1495 segregare,
1120 1402 1192 1474 reli·

147 1539 324 1609 quamque
366 1540 508 1588 omnem
551 1517 723 1610 impedire
764 1518 969 1600 utilitatem,
1003 1519 1078 1588 imo
1117 1542 1192 1591 vero

147 1655 269 1726 poenas
298 1632 405 1703 etiam
436 1630 523 1703 alias
552 1632 806 1704 ecclesiasticas
837 1655 1058 1726 expromere,
1087 1634 1193 1706 donec

148 1747 272 1842 piene²
295 1749 360 1820 sibi
383 1749 490 1819 fuerit
513 1747 558 1818 ab
580 1746 651 1818 illis
670 1747 901 1820 satisfactum.

216 1962 295 2048 (lap.
307 1978 336 2046 7.
360 1960 539 2047 Prioileps‘a
554 1960 686 2026 mmm
700 1969 905 2044 exemptarum
919 1960 1121 2026 nwdcmdo.
1204 1975 1240 2051 64

198 2099 375 2184 Quoniam
401 2097 585 2169 libertates
610 2112 648 2169 et
672 2100 918 2170 immunitates
943 2100 1198 2171 ecclesiasticas

150 2215 369 2287 licentiosam
404 2216 565 2285 videmus
599 2238 839 2308 saepenumero
872 2215 996 2287 afferre
1029 2215 1198 2309 peccandi

150 2333 388 2413 securitatem,
414 2331 577 2402 volumus
607 2341 648 2403 ut
677 2332 849 2426 episcopis
878 2331 984 2402 liceat
1013 2332 1051 2403 in
1082 2333 1203 2403 omnia

149 2447 308 2542 collegia,
335 2447 521 2519 societates
551 2457 589 2518 et
618 2458 740 2531 coetus,
771 2471 849 2539 quae
874 2447 1019 2540 quidem
1050 2449 1089 2518 in
1117 2449 1203 2519 dioe·

150 2564 287 2634 cesibus
317 2562 457 2633 illorum
487 2564 720 2646 constiterint,
749 2575 1063 2656 quantumcunque
1097 2565 1205 2658 privi-

151 2681 253 2774 legiis
277 2681 569 2773 praemuniantur,
596 2682 802 2772 inspectare,
829 2702 1020 2772 poenasque
1047 2684 1205 2772 peccatis

153 2796 293 2866 illorum
321 2796 508 2887 assignare,
527 2820 597 2865 non
624 2796 736 2866 solun]
762 2796 1008 2866 communibus
1033 2798 1208 2868 visitatio-

151 2937 247 2994 num,
266 2914 325 2983 sed
353 2911 516 2982 omnibus
539 2911 616 2982 aliis
640 2914 866 3005 temporibus
885 2935 967 2982 cum
993 2916 1208 3007 magnitudo

153 3030 340 3099 criminum
373 3028 588 3120 postulabit3
623 3041 661 3099 et
687 3031 836 3100 eandem
859 3029 1145 3125 archiepiscopus
1170 3034 1207 3102 in

152 3169 215 3215 sua
231 3146 410 3237 provincia
430 3154 644 3237 potestatem
661 3145 816 3216 habebit.

178 3380 254 3464 (lap.
269 3382 298 3442 8.
320 3379 421 3441 Pasa
431 3385 622 3463 peccatorum
637 3378 671 3439 io
685 3376 814 3461 collapiis
828 3388 855 3440 ct
869 3377 1042 3461 laffusmodi
1054 3379 1181 3445 cortibus

494 3481 576 3544 arada
587 3480 741 3566 proficisci
754 3478 865 3543 deleat.

202 3619 411 3712 Cuiounque
430 3628 548 3688 tamen
568 3619 635 3688 hoc
654 3619 828 3710 peculiare
840 3620 900 3710 jus
917 3619 1096 3702 tribuitur,
1111 3626 1208 3714 quod

155 3739 427 3830 praerogativum
464 3744 617 3817 vocatur,
652 3746 694 3805 ut
727 3737 764 3804 in
798 3734 916 3827 aliquo
951 3734 1114 3828 collegio,
1153 3739 1210 3809 vel

155 3864 253 3924 certo
279 3854 519 3945 cujuscunque
542 3853 681 3943 generis
704 3860 798 3919 coetu
829 3851 1016 3941 separatim
1035 3850 1128 3941 juris
1158 3854 1210 3923 di·

155 3970 257 4040 cendi
282 3977 494 4061 potestatem
517 3966 657 4045 habeat,
675 3973 712 4033 et
737 3966 771 4033 in
795 3964 998 4035 coercendis
1024 3964 1212 4039 maleficiis

157 4088 202 4156 sit
232 4088 284 4155 ias
313 4086 345 4154 ei
371 4086 452 4173 jure
483 4108 545 4152 suo
576 4084 651 4164 nti;
686 4083 737 4150 ita
768 4091 886 4150 tanren
916 4091 956 4149 ut
986 4081 1210 4172 disciplinam

158 4202 214 4270 vel
240 4200 490 4291 archicpiscopi
518 4199 573 4268 vel
602 4199 755 4291 episcopi
781 4221 850 4267 non
877 4197 1058 4287 impediat.
1111 4198 1212 4282 Qua·

363 4342 369 4381 ¹
386 4356 575 4396 communem.
825 4330 932 4410 ²plene
949 4354 999 4391 om.
