2692 4800
526 302 576 352 uu
601 301 947 353 arruurrouraus.
1190 288 1264 356 303

213 477 285 526 nou
312 456 457 550 possint,
483 479 602 527 coram
631 458 754 550 majori
785 468 886 550 parte
914 458 1055 528 illorum
1086 458 1266 553 appellare

213 571 346 653 licebit,
377 580 416 642 et
444 573 594 665 apostoli
624 576 699 666 peti
733 577 878 646 seorsim
908 574 954 645 ab
984 575 1035 645 eis
1065 574 1264 668 poternut¹.

214 687 287 759 Sed
312 697 435 759 tamen
461 687 653 782 appellatio
679 692 763 785 ipsa,
782 691 914 762 delatio
938 692 982 762 ad
1010 702 1148 763 eertum
1168 694 1266 786 judi-

213 827 303 889 cem,
327 813 366 876 et
391 805 554 898 praefixus
580 808 754 879 terminus
779 808 986 891 adversario,
1013 809 1041 880 ei
1067 832 1137 880 non
1165 811 1267 882 adlu-

214 922 292 1002 erit,
309 930 393 992 aunt
415 920 621 993 intimanda.

215 1127 291 1215 Gap.
307 1148 356 1215 13.
389 1127 450 1209 Qui
456 1149 517 1214 par
530 1127 761 1213 appellationem
776 1129 810 1194 ia
825 1153 888 1196 nno
904 1153 996 1196 carna
1013 1130 1162 1197 liberatur
1175 1154 1196 1197 a
1211 1153 1266 1197 auo

380 1229 495 1314 judico,
511 1230 546 1294 in
559 1228 635 1294 allia
650 1241 751 1295 tomen
765 1233 793 1296 ei
807 1231 891 1298 dedet
904 1234 1089 1320 reapondero.

265 1385 429 1458 Pendene
458 1386 651 1480 appellatio
680 1410 751 1457 non
781 1399 836 1460 eet
866 1389 1041 1461 sufficiens
1070 1400 1108 1460 et
1140 1389 1267 1461 idonea

215 1526 331 1587 eausa,
348 1512 389 1574 ut
403 1503 528 1596 judex,
546 1527 567 1574 a
585 1527 656 1596 quo
676 1505 894 1598 appellatum
915 1517 981 1589 eet,
999 1508 1034 1577 in
1053 1505 1130 1578 aliis
1153 1508 1266 1578 causis

215 1621 431 1714 repudietur.
470 1619 578 1691 Unde
595 1642 677 1691 oum
695 1621 773 1712 quis
791 1622 877 1692 duae
898 1622 1122 1714 diversasque
1143 1645 1266 1694 caueae

217 1737 324 1809 habet
353 1736 418 1808 eub
445 1736 571 1807 eodem
591 1737 724 1828 judice,
750 1735 836 1806 licet
864 1737 978 1829 quoad
1008 1760 1114 1807 unam
1142 1759 1265 1808 earum

216 1853 456 1948 appellaverit,
474 1851 520 1922 de
543 1850 655 1922 altera
678 1860 799 1922 tamen
821 1862 970 1947 cogetur
986 1852 1100 1945 judici
1123 1876 1267 1946 reapon-

216 1969 302 2041 dere
318 1991 340 2038 a
356 1989 427 2060 quo
444 1964 647 2058 appellavit.

163 2179 168 2189 .
267 2208 344 2293 (lap.
360 2226 410 2290 14.
440 2206 513 2270 Non
535 2204 632 2271 obstat
646 2208 739 2292 prior
760 2207 923 2293 appellatio
945 2208 1073 2284 deserto,
1096 2209 1218 2294 quando

367 2318 500 2396 propter
520 2331 630 2373 nouum
648 2332 814 2396 gravamen
835 2333 942 2375 ruraua
962 2310 1116 2398 appellari
1255 2354 1259 2365 ·

531 2412 631 2496 parsit
652 2411 690 2476 ud
712 2411 810 2477 eodem
824 2412 942 2497 judice.

265 2552 338 2638 Qui
363 2550 565 2645 appellavit,
586 2559 624 2620 et
649 2549 925 2644 appellationem
951 2550 1118 2633 deseruit,
1142 2549 1267 2621 rediit·

216 2692 286 2763 que
316 2669 361 2740 ad
383 2668 599 2760 judie-ena
627 2690 699 2759 quo
724 2667 926 2761 appellarit,
952 2669 980 2737 ei
1008 2690 1125 2739 rureua
1150 2666 1195 2738 ab
1222 2689 1266 2738 eo

215 2795 391 2882 gravetur,
409 2786 526 2855 denuo
548 2783 680 2875 poterit
702 2782 891 2876 appellare.

280 3009 359 3095 Gap.
373 3024 422 3094 15.
449 3008 493 3073 In
507 3029 600 3073 moro
614 3007 764 3072 communi
771 3006 914 3095 plurium
928 3006 1021 3071 oniae
1038 3005 1203 3093 appellatio

596 3110 675 3176 ullor
689 3111 780 3175 etiam
786 3111 889 3197 janot.

267 3251 307 3324 si
341 3274 388 3322 ex
420 3250 578 3344 pluribus
609 3273 681 3321 una
713 3251 891 3322 sententia
925 3249 1180 3332 condemnatis,
1206 3248 1267 3342 qui

217 3369 396 3442 communi
422 3367 591 3436 intereue
607 3367 690 3458 jure
706 3363 907 3459 juveutur2,
925 3364 1091 3456 idemque
1112 3363 1268 3435 habeant

216 3487 400 3580 negotium
427 3492 464 3552 et
490 3483 639 3553 eandem
664 3506 806 3554 oausam
832 3482 1055 3563 defensionis,
1086 3502 1176 3551 unua
1205 3502 1267 3572 ap·

218 3602 411 3698 pellerent,
441 3599 519 3691 ejue
550 3600 695 3670 viatoria
723 3600 880 3692 proderit
906 3599 993 3671 aliia.
1059 3598 1108 3668 Et
1139 3598 1166 3668 ei
1197 3597 1269 3666 for·

217 3731 309 3792 tasse
343 3719 373 3789 ie
402 3738 492 3786 uuus
522 3717 581 3808 qui
612 3716 814 3810 appellavit,
842 3716 970 3787 ceteris
1000 3715 1200 3786 tacentibus
1229 3718 1268 3783 et

217 3834 419 3917 scientibus,
440 3833 713 3927 appellationem
740 3833 946 3918 deseruerit,
967 3832 1082 3924 quivis
1107 3831 1195 3901 aliua
1221 3855 1268 3901 ex

217 3953 286 4024 illis
303 3973 381 4025 eam
399 3950 562 4043 prosequi
579 3949 720 4041 poterit.

463 4156 469 4196 ¹
487 4158 621 4234 poterint.
854 4155 1023 4230 ²jubentnr.
