2692 4800
146 275 218 340 244
541 292 590 341 on
614 290 794 353 rnsrrnus,
1216 289 1243 339 c.
1257 290 1274 339 1·

147 453 368 538 compertum
404 445 451 515 sit
483 446 679 539 negotium,
713 443 808 536 quod
843 444 880 512 in
920 441 1193 512 controversiam

146 560 264 631 venire
289 561 410 655 possit,
428 582 550 631 curere
574 567 704 653 potest,
727 568 770 629 ut
793 558 840 629 ad
864 564 1037 628 aeternam
1062 578 1194 627 momo-

144 679 233 748 riam
259 675 403 770 publioo
428 678 665 747 instrumento
691 697 814 745 eorum
840 674 1048 746 testimonis
1068 675 1194 746 descri-

144 790 294 874 bantur3
321 789 377 861 vel
401 791 491 862 silis
509 791 587 882 jam
612 787 727 862 mota¹
753 791 812 875 sit,
831 799 873 861 ut
888 813 911 861 a
920 789 1047 881 judice
1064 790 1195 861 exami-

143 916 282 990 nentur,
301 907 366 978 lite
390 908 548 978 nondum
571 913 782 978 contestata.
834 903 1052 997 Ubicunque
1075 914 1194 976 autem

32 1013 34 1016 ’
143 1023 181 1093 id
198 1023 306 1094 fuerit
323 1023 468 1106 factum,
486 1044 629 1092 necesso
651 1030 706 1093 est
728 1029 770 1092 ut
787 1021 1026 1114 depositiones
1049 1023 1194 1092 testium

144 1139 407 1232 consignentur,
431 1145 470 1208 et
495 1136 757 1231 quamprimum
783 1135 857 1206 fieri
884 1135 1006 1229 possit,
1028 1138 1197 1210 denunci-

143 1261 250 1323 entur
266 1251 348 1338 illis,
365 1275 454 1344 quos
477 1260 618 1323 metuat
634 1252 713 1343 quis
730 1252 796 1322 sibi
819 1250 959 1322 futuros
979 1251 1196 1322 advemrios

143 1389 187 1437 ea
211 1369 248 1438 in
272 1391 332 1451 re;
359 1390 426 1438 nec
449 1367 685 1460 publicentur,
712 1367 825 1438 donec
849 1366 992 1460 elapsus
1015 1368 1064 1437 sit
1084 1387 1196 1438 sunus

144 1493 226 1576 post
251 1485 492 1577 receptionem
519 1482 645 1555 talium
673 1485 828 1566 testium,
846 1491 910 1555 aut
926 1482 970 1554 lis
988 1484 1036 1554 sit
1059 1493 1196 1555 contes-

144 1610 230 1684 tata,
255 1623 301 1670 ne
327 1600 441 1671 naudi
468 1600 514 1670 sit
540 1599 610 1671 illis
635 1602 811 1694 ignorasse
834 1622 878 1670 ea
901 1600 948 1670 de
972 1622 1012 1671 re
1036 1611 1197 1694 receptos

145 1738 222 1786 esse
241 1725 361 1787 testes.

333 1925 412 2012 Cap⁴
428 1945 455 1993 2.
479 1925 602 1990 Dilotio
616 1925 661 1990 od
666 1925 898 2011 producendum
913 1935 1006 1990 testes.

196 2062 251 2133 Ea
267 2085 346 2156 pers
362 2063 420 2134 cui
441 2063 617 2134 incumbit
642 2064 814 2155 probatio,
833 2072 954 2155 potest
980 2074 1106 2157 potero
1130 2064 1195 2137 sibi

145 2181 220 2251 dari
250 2179 456 2250 diletionem
487 2203 509 2251 a
535 2180 659 2273 judice
689 2180 734 2251 ad
765 2180 1032 2273 producendum
1063 2189 1195 2263 testes3

145 2318 253 2388 quam
284 2297 316 2367 ei
345 2297 428 2367 dore
451 2297 566 2391 judex
596 2304 752 2380 tenetur,
783 2296 943 2367 adbibita
976 2296 1195 2390 competenti

145 2414 387 2485 moderatione
413 2415 592 2506 temporis,
618 2414 813 2485 secundum
843 2413 958 2505 spatis
984 2413 1115 2506 quibus
1145 2413 1197 2483 di·

146 2539 217 2601 stat
243 2530 389 2600 testium
414 2529 587 2599 habitatio
608 2552 629 2598 a
640 2529 772 2621 judicis
798 2527 986 2600 domicilio.
1040 2526 1091 2599 Et
1111 2530 1195 2600 dum

147 2648 250 2718 duret
276 2655 417 2738 tempus
443 2646 534 2715 datae
560 2645 750 2726 dilationis,
777 2654 895 2738 potest
921 2646 1121 2736 producens
1142 2645 1194 2716 vel

146 2787 217 2833 una
233 2762 290 2831 vel
318 2770 419 2831 terna
437 2761 513 2831 vice
538 2762 582 2830 ad
602 2762 762 2852 judicem
789 2761 933 2832 nomina
957 2784 1093 2844 eorum,
1110 2783 1198 2853 quos

146 2881 382 2973 producturus
408 2886 462 2947 est
489 2886 610 2959 testes,
638 2878 791 2960 relerro3
821 2886 947 2969 quarte
969 2878 1044 2947 vice
1071 2877 1139 2948 hoc
1163 2879 1199 2947 ei

147 2992 238 3065 non2
254 2994 470 3073 conceditur,
490 2993 555 3062 nisi
569 2994 667 3081 juret
686 2992 730 3061 de
746 2990 931 3063 calumnia.

420 3205 497 3290 Gap.
510 3226 541 3290 3.
565 3204 707 3268 Articuli
715 3202 914 3290 probationes.

199 3344 335 3415 Relatis
355 3343 398 3413 ad
420 3343 581 3434 judicem
605 3342 807 3412 nominibus
831 3344 991 3425 testium,
1009 3342 1114 3413 simul
1136 3364 1191 3412 ex-

148 3460 303 3530 hibenda
321 3467 403 3531 sunt
420 3459 537 3550 capita
554 3458 694 3528 dicendi
712 3459 917 3528 testimonii.

466 3670 541 3754 Cap.
558 3691 588 3751 4.
615 3669 748 3734 Testium
763 3670 876 3734 citatio.
1200 3672 1242 3735 116

200 3808 403 3879 Produoens
421 3832 503 3879 vero
521 3818 631 3880 test-es
653 3822 753 3880 curet
775 3833 835 3881 eos
852 3833 874 3880 a
886 3810 1010 3901 judice
1033 3811 1143 3894 citari,
1160 3819 1193 3880 et

149 3925 200 3997 eis
225 3934 361 3996 certum
388 3925 557 3996 constitui
579 3935 720 4019 tempus
742 3926 942 4021 deponendi
969 3949 1072 3997 suum
1101 3927 1195 3998 testi·

148 4043 318 4113 monium.
382 4041 547 4135 Suspecti
584 4044 677 4112 enim
709 4044 885 4114 habentur
914 4049 1036 4124 testes,
1070 4045 1131 4136 qui
1160 4065 1195 4114 se

149 4157 242 4228 ultro
260 4160 455 4230 obtrudunt
467 4159 579 4249 judici
599 4159 643 4227 ad
666 4159 922 4252 perhibendum
945 4161 1195 4229 testimonium.

393 4293 400 4324 ¹
417 4307 494 4354 nota.
804 4292 887 4352 'non
903 4315 953 4351 om.
