2692 4800
143 279 208 340 840
531 270 803 336 APPENDIX.

145 438 229 498 tertio
244 439 280 495 de
294 437 349 494 hoc
363 435 513 512 requisitus
529 435 756 511 jurisdictionem
770 453 850 492 suam
865 433 989 493 amittat.
1031 435 1128 494 Jndex
1147 455 1192 494 ec-

144 535 319 594 clesiasticus
333 533 460 590 inhibere
474 539 570 608 potest
586 531 676 607 judici
696 531 779 597 laico,
795 549 832 588 ne
845 531 875 588 in
889 531 937 589 illa
950 550 1037 589 causa
1050 533 1193 607 procedat,

145 653 208 709 quae
222 633 257 690 ab
272 651 306 689 ea
319 631 432 706 pendet,
448 650 532 706 quam
547 630 606 706 ipse
620 637 685 687 actu
699 629 858 705 cognoscit.

193 748 261 794 210,
283 742 325 806 15.
357 728 440 786 After
460 728 518 786 this
536 728 617 803 chap.
638 728 687 785 the
706 725 772 785 MS.
793 727 844 784 has
864 726 941 785 what
961 727 1082 792 follows,
1097 729 1194 785 erased

148 829 186 904 by
200 829 249 885 Cr.
266 828 323 897 Qui
333 826 525 903 jurisdictioni
538 836 641 902 praest
654 845 746 901 neque
760 823 813 883 sibi
824 827 873 900 jus
886 825 982 883 dicere
994 825 1089 892 debet,
1104 845 1195 902 neque

149 926 232 983 uxori
245 925 289 982 vel
300 925 395 982 liberis
409 924 466 982 suis
476 924 520 981 vel
534 925 636 981 ceteris
650 943 721 998 quos
735 943 831 981 seeum
844 923 940 982 habet.
968 924 1052 982 Licet
1065 924 1195 1000 princeps

146 1024 185 1080 sit
198 1024 307 1080 solutus
320 1021 442 1097 legibus,
457 1030 552 1078 tamen
574 1020 649 1078 illius
670 1021 818 1096 delegatus
838 1020 920 1096 leges
938 1022 969 1078 in
990 1041 1044 1080 suo
1061 1041 1193 1098 processu

51 1182 55 1188 ,
146 1121 225 1195 sequi
240 1129 269 1177 et
283 1119 433 1176 observare
447 1116 558 1185 debeat',
575 1127 605 1175 et
618 1119 643 1176 si
663 1120 725 1193 ejus
746 1119 909 1177 commissio
928 1119 1037 1195 aliquid
1057 1121 1093 1178 de
1107 1120 1193 1196 pleni·

146 1218 245 1276 tudine
259 1217 409 1294 potestatis
424 1217 557 1292 sapuerit,
572 1217 735 1292 hujusmodi
748 1217 911 1275 commissio
924 1226 1063 1294 tanquam
1080 1237 1132 1294 per
1144 1219 1192 1276 ob-

146 1316 305 1391 reptionem
319 1333 455 1372 conoessa
468 1334 526 1372 non
541 1315 654 1372 valebit.

190 1430 258 1481 211,
278 1431 323 1470 12.
346 1413 425 1470 Here
438 1412 487 1470 the
504 1410 571 1469 MS.
585 1413 637 1469 has
651 1412 729 1469 what
742 1412 862 1482 follows,
877 1413 978 1470 erased
991 1412 1030 1489 by
1045 1414 1095 1471 Cr.
1126 1412 1159 1472 Si
1177 1434 1194 1472 a

147 1511 228 1586 regia
252 1511 400 1585 majestate
422 1530 507 1586 super
529 1511 623 1586 aliqua
644 1530 730 1568 causa
751 1510 942 1568 ecclesiastica
965 1511 1135 1587 rescriptum
1159 1513 1193 1569 ad

146 1611 211 1668 lites
225 1610 401 1684 impetratur,
417 1618 445 1666 et
460 1609 536 1666 aliud
550 1618 650 1686 postea
663 1609 692 1666 in
712 1609 811 1666 eadem
828 1627 923 1675 causa,
939 1627 998 1665 non
1018 1608 1096 1667 faeta
1115 1630 1194 1668 men·

146 1709 225 1767 tione
239 1708 340 1783 prioris
353 1707 494 1784 rescripti,
509 1707 692 1772 emanaverit,
711 1707 822 1781 judiees
843 1706 1028 1783 supersedere
1048 1707 1194 1765 debentia

147 1808 294 1882 utriusque
308 1805 506 1880 exequutione,
522 1805 613 1862 donee
626 1804 761 1882 principis
775 1805 950 1862 voluntatem
968 1804 1079 1880 plenius
1093 1805 1194 1864 exinde

147 1912 324 1979 cognoscant

195 2034 232 2044 -
250 2021 264 2058 2
268 2017 296 2077 5.
319 2001 392 2059 Cum
407 2000 501 2058 libello
519 2047 544 2059 ..
560 2000 740 2075 ..persoluat
753 2000 845 2058 added
858 2001 896 2075 by
911 2000 961 2058 Cr.

192 2118 259 2165 212,
275 2100 381 2177 penult.
404 2098 518 2174 aliquod
540 2116 708 2173 responsum
728 2097 778 2155 (lr.
801 2098 913 2156 instead
933 2097 966 2156 of
987 2099 1055 2173 quid
1078 2117 1194 2175 reapon-

147 2179 272 2255 dandum

191 2312 260 2366 213,
275 2294 382 2370 penult.
405 2313 462 2351 non
489 2292 555 2351 MS.
570 2312 628 2350 om.

193 2408 261 2467 215,
277 2408 306 2467 5.
329 2391 411 2448 After
431 2391 621 2466 permittimus
641 2390 691 2448 the
712 2388 778 2448 MS.
793 2389 846 2448 hus
862 2389 940 2447 what
959 2388 1083 2456 follows,
1098 2390 1195 2447 erased

149 2489 187 2563 by
203 2489 250 2544 Cr.
272 2489 336 2546 Nec
348 2489 434 2546 etiam
454 2487 604 2563 requiritur
623 2487 681 2544 litis
702 2487 882 2551 contestatio.
897 2486 1013 2561 qnando
1026 2495 1116 2544 testes
1130 2505 1195 2544 exa·

150 2587 293 2643 minantur
308 2588 343 2643 ad
357 2596 523 2661 perpetuam
539 2586 722 2643 memoriam:
746 2586 822 2660 quod
842 2586 984 2642 interdum
999 2586 1041 2651 fit,
1057 2606 1122 2642 cum
1137 2586 1196 2660 quis

150 2685 233 2742 timet
247 2685 361 2760 aliquod
374 2686 427 2742 sibi
442 2687 594 2742 creandum
611 2685 765 2762 periculum
780 2693 828 2740 aut
840 2684 1044 2759 praejudicium‚
1058 2685 1112 2741 nisi
1123 2685 1196 2759 quod

149 2783 280 2858 contigit,
297 2784 363 2839 dum
378 2791 474 2858 potest
488 2783 558 2848 fieri,
574 2784 757 2840 confirmetur
771 2801 822 2857 per
836 2791 933 2839 testes.

195 2883 261 2945 216,
281 2900 326 2938 11.
347 2882 430 2938 After
444 2881 571 2938 obtineat
586 2880 652 2937 MS.
668 2881 737 2937 adds
752 2880 868 2937 omnino

194 2979 260 3043 218,
277 2998 305 3055 9.
328 2981 489 3036 confirmari
504 2980 588 3036 debet
615 2978 681 3035 MS.
697 2998 753 3035 om.

193 3094 261 3151 219,
281 3078 326 3134 26.
350 3078 472 3152 perjurio
487 3077 567 3134 alteri
582 3079 628 3133 Cr.
644 3077 754 3134 instead
768 3076 800 3132 of
813 3076 893 3133 fratri

193 3188 229 3225 22
234 3190 261 3245 5,
280 3188 306 3244 7.
330 3173 411 3228 After
426 3172 504 3240 Quid
531 3171 598 3228 MS.
615 3172 665 3228 has
681 3173 768 3247 igitur

192 3301 232 3309 —
252 3270 295 3325 18.
317 3270 398 3327 facile
417 3317 441 3328 ..
457 3271 665 3329 ..credendum
680 3271 716 3326 sit
731 3271 920 3326 underscored
935 3270 972 3345 by
985 3268 1034 3326 Cr.

195 3368 326 3442 226,15.
348 3368 583 3444 praesumptiones
611 3369 677 3425 MS.
691 3368 871 3443 probationes

195 3480 263 3539 227,
281 3465 328 3522 28.
351 3475 528 3521 numeratum
557 3465 622 3521 MS.
637 3475 813 3523 numeratam

196 3580 263 3638 229,
281 3581 327 3619 22.
350 3572 477 3620 vertatur
501 3563 568 3622 MS.
584 3565 688 3620 citatur

195 3677 210 3714 2
213 3676 263 3730 30,
279 3662 386 3734 penult.
409 3661 534 3718 adversae
549 3662 641 3718 added
656 3662 693 3737 by
708 3662 758 3718 Cr.

196 3774 262 3829 231,
282 3775 328 3813 11.
351 3758 511 3814 Possessori
528 3804 551 3815 ..
570 3759 709 3815 ..debeat
730 3758 822 3814 added
843 3759 881 3833 by
895 3758 944 3814 Cr.
967 3757 1080 3814 instead
1101 3756 1133 3813 of
1151 3757 1199 3813 the

152 3854 307 3931 following,
323 3855 416 3911 which
431 3876 487 3912 was
509 3857 607 3929 placed
628 3864 658 3913 at
672 3856 721 3913 the
740 3857 796 3913 end
814 3856 846 3912 of
864 3856 912 3913 the
933 3857 1102 3930 paragraph.
1129 3854 1200 3911 Pos-

152 3954 295 4010 sessiones
307 3973 377 4029 quas
391 3955 427 4010 ad
442 3965 470 4011 te
484 3954 625 4029 pertinere
640 3955 719 4020 dicis,
735 3974 815 4011 more
826 3953 997 4029 judiciorum
1012 3973 1180 4028 persequere
1193 3977 1199 4018 ;

152 4069 209 4104 non
225 4051 300 4105 enim
317 4051 471 4124 possessori
486 4051 622 4107 incumbit
637 4071 709 4108 onus
723 4051 861 4127 probandi
876 4069 924 4107 eas
941 4050 977 4107 ad
997 4069 1028 4108 se
1047 4052 1199 4125 pertinere,

153 4167 216 4203 curn
245 4158 273 4203 te
302 4148 330 4203 in
366 4149 530 4223 probatione
559 4160 687 4206 cessante
722 4150 876 4206 dominium
905 4149 980 4223 apud
1008 4169 1073 4206 eum
1109 4168 1200 4206 rema·

153 4245 240 4301 nebit.
