<?xml version="1.0" encoding="UTF-8"?>
<!DOCTYPE html PUBLIC "-//W3C//DTD XHTML 1.0 Transitional//EN"
    "http://www.w3.org/TR/xhtml1/DTD/xhtml1-transitional.dtd">
<html xmlns="http://www.w3.org/1999/xhtml" xml:lang="en" lang="en">
 <head>
  <title>
</title>
<meta http-equiv="Content-Type" content="text/html;charset=utf-8" />
  <meta name='ocr-system' content='tesseract 3.04.00' />
  <meta name='ocr-capabilities' content='ocr_page ocr_carea ocr_par ocr_line ocrx_word'/>
</head>
<body>
  <div class='ocr_page' id='page_1' title='image "./reformationeccl01cardgoog_0365.png"; bbox 0 0 2692 4800; ppageno 0'>
   <div class='ocr_carea' id='block_1_1' title="bbox 141 283 871 356">
    <p class='ocr_par' dir='ltr' id='par_1_1' title="bbox 141 283 871 356">
     <span class='ocr_line' id='line_1_1' title="bbox 141 283 871 356; baseline -0.004 -8"><span class='ocrx_word' id='word_1_1' title='bbox 141 283 214 356; x_wconf 73' lang='grc'>298</span> <span class='ocrx_word' id='word_1_2' title='bbox 453 297 502 345; x_wconf 86' lang='lat' dir='ltr'>ns</span> <span class='ocrx_word' id='word_1_3' title='bbox 527 294 871 347; x_wconf 72' lang='lat' dir='ltr'>aurnumuronruus.</span> 
     </span>
    </p>
   </div>
   <div class='ocr_carea' id='block_1_2' title="bbox 366 701 961 832">
    <p class='ocr_par' dir='ltr' id='par_1_2' title="bbox 366 701 961 832">
     <span class='ocr_line' id='line_1_2' title="bbox 366 701 961 832; baseline -0.005 -1"><span class='ocrx_word' id='word_1_4' title='bbox 366 759 436 831; x_wconf 86' lang='lat' dir='ltr'>ou</span> <span class='ocrx_word' id='word_1_5' title='bbox 462 701 961 832; x_wconf 77' lang='lat' dir='ltr'>aeesunAmomnus</span> 
     </span>
    </p>
   </div>
   <div class='ocr_carea' id='block_1_3' title="bbox 428 954 901 1043">
    <p class='ocr_par' dir='ltr' id='par_1_3' title="bbox 428 954 901 1043">
     <span class='ocr_line' id='line_1_3' title="bbox 428 954 901 1043; baseline -0.004 -22"><span class='ocrx_word' id='word_1_6' title='bbox 428 955 506 1041; x_wconf 77' lang='lat' dir='ltr'>(lap.</span> <span class='ocrx_word' id='word_1_7' title='bbox 520 977 548 1021; x_wconf 92' lang='lat'>1.</span> <span class='ocrx_word' id='word_1_8' title='bbox 570 955 748 1042; x_wconf 68' lang='lat' dir='ltr'>Appellatio</span> <span class='ocrx_word' id='word_1_9' title='bbox 762 954 840 1043; x_wconf 79' lang='lat' dir='ltr'>qaid</span> <span class='ocrx_word' id='word_1_10' title='bbox 850 955 901 1020; x_wconf 79' lang='lat' dir='ltr'>alt.</span> 
     </span>
    </p>
   </div>
   <div class='ocr_carea' id='block_1_4' title="bbox 139 1094 1196 1770">
    <p class='ocr_par' dir='ltr' id='par_1_4' title="bbox 139 1094 1196 1770">
     <span class='ocr_line' id='line_1_4' title="bbox 191 1094 1196 1190; baseline 0 -24"><span class='ocrx_word' id='word_1_11' title='bbox 191 1094 398 1190; x_wconf 78' lang='lat' dir='ltr'><strong>Appellatio</strong></span> <span class='ocrx_word' id='word_1_12' title='bbox 422 1099 516 1184; x_wconf 77' lang='lat' dir='ltr'>(uta</span> <span class='ocrx_word' id='word_1_13' title='bbox 540 1096 748 1167; x_wconf 86' lang='lat' dir='ltr'>definitione</span> <span class='ocrx_word' id='word_1_14' title='bbox 771 1096 996 1189; x_wconf 83' lang='lat' dir='ltr'>incipiamus)</span> <span class='ocrx_word' id='word_1_15' title='bbox 1012 1104 1072 1167; x_wconf 88' lang='lat' dir='ltr'>est</span> <span class='ocrx_word' id='word_1_16' title='bbox 1087 1120 1111 1167; x_wconf 91' lang='lat' dir='ltr'>a</span> <span class='ocrx_word' id='word_1_17' title='bbox 1128 1098 1196 1166; x_wconf 92' lang='lat' dir='ltr'>mi·</span> 
     </span>
     <span class='ocr_line' id='line_1_5' title="bbox 140 1210 1194 1306; baseline 0 -23"><span class='ocrx_word' id='word_1_18' title='bbox 140 1235 226 1283; x_wconf 90' lang='lat' dir='ltr'>nore</span> <span class='ocrx_word' id='word_1_19' title='bbox 251 1211 296 1282; x_wconf 92' lang='lat' dir='ltr'>ad</span> <span class='ocrx_word' id='word_1_20' title='bbox 322 1212 492 1304; x_wconf 85' lang='lat' dir='ltr'>majoram</span> <span class='ocrx_word' id='word_1_21' title='bbox 519 1212 734 1304; x_wconf 87' lang='lat' dir='ltr'>provocatio,</span> <span class='ocrx_word' id='word_1_22' title='bbox 761 1219 800 1281; x_wconf 91' lang='lat' dir='ltr'>et</span> <span class='ocrx_word' id='word_1_23' title='bbox 828 1234 892 1303; x_wconf 87' lang='lat' dir='ltr'>per</span> <span class='ocrx_word' id='word_1_24' title='bbox 918 1234 997 1281; x_wconf 89' lang='lat' dir='ltr'>eam</span> <span class='ocrx_word' id='word_1_25' title='bbox 1028 1210 1194 1306; x_wconf 82' lang='lat' dir='ltr'>legitime</span> 
     </span>
     <span class='ocr_line' id='line_1_6' title="bbox 140 1327 1195 1423; baseline 0.002 -25"><span class='ocrx_word' id='word_1_26' title='bbox 140 1329 385 1423; x_wconf 80' lang='lat' dir='ltr'>interpositam</span> <span class='ocrx_word' id='word_1_27' title='bbox 411 1336 449 1398; x_wconf 86' lang='lat' dir='ltr'>et</span> <span class='ocrx_word' id='word_1_28' title='bbox 475 1329 743 1420; x_wconf 81' lang='lat' dir='ltr'>pronunciatam</span> <span class='ocrx_word' id='word_1_29' title='bbox 771 1336 809 1397; x_wconf 93' lang='lat' dir='ltr'>et</span> <span class='ocrx_word' id='word_1_30' title='bbox 831 1327 1035 1420; x_wconf 86' lang='lat' dir='ltr'>jurisdictio</span> <span class='ocrx_word' id='word_1_31' title='bbox 1059 1329 1195 1421; x_wconf 82' lang='lat' dir='ltr'>judicis</span> 
     </span>
     <span class='ocr_line' id='line_1_7' title="bbox 140 1442 1193 1539; baseline -0.002 -23"><span class='ocrx_word' id='word_1_32' title='bbox 140 1445 255 1539; x_wconf 90' lang='lat' dir='ltr'>quoad</span> <span class='ocrx_word' id='word_1_33' title='bbox 282 1443 380 1515; x_wconf 92' lang='lat' dir='ltr'>illam</span> <span class='ocrx_word' id='word_1_34' title='bbox 405 1465 546 1514; x_wconf 91' lang='lat' dir='ltr'>oausam</span> <span class='ocrx_word' id='word_1_35' title='bbox 573 1442 809 1536; x_wconf 82' lang='lat' dir='ltr'>suspenditur,</span> <span class='ocrx_word' id='word_1_36' title='bbox 833 1451 873 1513; x_wconf 89' lang='lat' dir='ltr'>et</span> <span class='ocrx_word' id='word_1_37' title='bbox 897 1444 1006 1536; x_wconf 90' lang='lat' dir='ltr'>ipsius</span> <span class='ocrx_word' id='word_1_38' title='bbox 1033 1445 1193 1538; x_wconf 76' lang='lat' dir='ltr'>cognitio</span> 
     </span>
     <span class='ocr_line' id='line_1_8' title="bbox 140 1558 1194 1654; baseline -0.002 -23"><span class='ocrx_word' id='word_1_39' title='bbox 140 1569 179 1631; x_wconf 91' lang='lat' dir='ltr'>et</span> <span class='ocrx_word' id='word_1_40' title='bbox 195 1583 346 1631; x_wconf 84' lang='lat' dir='ltr'>examen</span> <span class='ocrx_word' id='word_1_41' title='bbox 366 1559 412 1631; x_wconf 91' lang='lat' dir='ltr'>ad</span> <span class='ocrx_word' id='word_1_42' title='bbox 435 1560 651 1653; x_wconf 84' lang='lat' dir='ltr'>superiorem</span> <span class='ocrx_word' id='word_1_43' title='bbox 675 1560 895 1631; x_wconf 84' lang='lat' dir='ltr'>transfertur.</span> <span class='ocrx_word' id='word_1_44' title='bbox 947 1558 1194 1654; x_wconf 83' lang='lat' dir='ltr'>Distinguitur</span> 
     </span>
     <span class='ocr_line' id='line_1_9' title="bbox 139 1675 921 1770; baseline 0.001 -23"><span class='ocrx_word' id='word_1_45' title='bbox 139 1687 261 1750; x_wconf 91' lang='lat' dir='ltr'>autem</span> <span class='ocrx_word' id='word_1_46' title='bbox 278 1678 315 1747; x_wconf 92' lang='lat' dir='ltr'>in</span> <span class='ocrx_word' id='word_1_47' title='bbox 327 1675 534 1770; x_wconf 82' lang='lat' dir='ltr'>judicialem</span> <span class='ocrx_word' id='word_1_48' title='bbox 551 1685 589 1747; x_wconf 87' lang='lat' dir='ltr'>et</span> <span class='ocrx_word' id='word_1_49' title='bbox 606 1676 921 1770; x_wconf 84' lang='lat' dir='ltr'>extrajudioialem.</span> 
     </span>
    </p>
   </div>
   <div class='ocr_carea' id='block_1_5' title="bbox 377 1870 957 1958">
    <p class='ocr_par' dir='ltr' id='par_1_5' title="bbox 377 1870 957 1958">
     <span class='ocr_line' id='line_1_10' title="bbox 377 1870 957 1958; baseline -0.003 -21"><span class='ocrx_word' id='word_1_50' title='bbox 377 1871 455 1958; x_wconf 77' lang='lat' dir='ltr'>(lap.</span> <span class='ocrx_word' id='word_1_51' title='bbox 471 1891 500 1939; x_wconf 83' lang='lat'>2.</span> <span class='ocrx_word' id='word_1_52' title='bbox 523 1873 573 1937; x_wconf 79' lang='lat' dir='ltr'>Da</span> <span class='ocrx_word' id='word_1_53' title='bbox 586 1871 791 1958; x_wconf 75' lang='lat' dir='ltr'>appellatione</span> <span class='ocrx_word' id='word_1_54' title='bbox 796 1870 957 1957; x_wconf 59' lang='lat' dir='ltr'>mamati.</span> 
     </span>
    </p>
   </div>
   <div class='ocr_carea' id='block_1_6' title="bbox 139 2009 1192 3266">
    <p class='ocr_par' dir='ltr' id='par_1_6' title="bbox 139 2009 1192 2918">
     <span class='ocr_line' id='line_1_11' title="bbox 191 2009 1192 2105; baseline -0.001 -23"><span class='ocrx_word' id='word_1_55' title='bbox 191 2010 398 2105; x_wconf 85' lang='lat' dir='ltr'>Appellatio</span> <span class='ocrx_word' id='word_1_56' title='bbox 409 2009 588 2103; x_wconf 82' lang='lat' dir='ltr'>judicialis</span> <span class='ocrx_word' id='word_1_57' title='bbox 605 2020 762 2094; x_wconf 79' lang='lat' dir='ltr'>osteum</span> <span class='ocrx_word' id='word_1_58' title='bbox 780 2012 817 2081; x_wconf 93' lang='lat' dir='ltr'>iu</span> <span class='ocrx_word' id='word_1_59' title='bbox 827 2012 965 2104; x_wconf 90' lang='lat' dir='ltr'>jndioio</span> <span class='ocrx_word' id='word_1_60' title='bbox 979 2020 1192 2105; x_wconf 75' lang='lat' dir='ltr'>provocatur</span> 
     </span>
     <span class='ocr_line' id='line_1_12' title="bbox 140 2127 1191 2221; baseline -0.002 -21"><span class='ocrx_word' id='word_1_61' title='bbox 140 2129 185 2200; x_wconf 92' lang='lat' dir='ltr'>ad</span> <span class='ocrx_word' id='word_1_62' title='bbox 203 2128 417 2221; x_wconf 87' lang='lat' dir='ltr'>superiorem</span> <span class='ocrx_word' id='word_1_63' title='bbox 433 2128 592 2220; x_wconf 85' lang='lat' dir='ltr'>judicem</span> <span class='ocrx_word' id='word_1_64' title='bbox 615 2151 636 2199; x_wconf 97' lang='lat' dir='ltr'>a</span> <span class='ocrx_word' id='word_1_65' title='bbox 653 2128 846 2211; x_wconf 82' lang='lat' dir='ltr'>definitiva,</span> <span class='ocrx_word' id='word_1_66' title='bbox 863 2129 909 2199; x_wconf 92' lang='lat' dir='ltr'>ab</span> <span class='ocrx_word' id='word_1_67' title='bbox 928 2127 1191 2221; x_wconf 89' lang='lat' dir='ltr'>interloquuto-</span> 
     </span>
     <span class='ocr_line' id='line_1_13' title="bbox 140 2243 1190 2339; baseline -0.001 -24"><span class='ocrx_word' id='word_1_68' title='bbox 140 2246 201 2325; x_wconf 92' lang='lat' dir='ltr'>ria,</span> <span class='ocrx_word' id='word_1_69' title='bbox 218 2243 274 2314; x_wconf 89' lang='lat' dir='ltr'>vel</span> <span class='ocrx_word' id='word_1_70' title='bbox 292 2267 314 2315; x_wconf 92' lang='lat' dir='ltr'>a</span> <span class='ocrx_word' id='word_1_71' title='bbox 329 2244 602 2338; x_wconf 86' lang='lat' dir='ltr'>gravaminibus,</span> <span class='ocrx_word' id='word_1_72' title='bbox 616 2267 693 2336; x_wconf 77' lang='lat' dir='ltr'>qum</span> <span class='ocrx_word' id='word_1_73' title='bbox 710 2244 747 2315; x_wconf 91' lang='lat' dir='ltr'>in</span> <span class='ocrx_word' id='word_1_74' title='bbox 763 2245 901 2339; x_wconf 78' lang='lat' dir='ltr'>agendo</span> <span class='ocrx_word' id='word_1_75' title='bbox 918 2268 1061 2316; x_wconf 85' lang='lat' dir='ltr'>cansam</span> <span class='ocrx_word' id='word_1_76' title='bbox 1079 2267 1190 2336; x_wconf 90' lang='lat' dir='ltr'>quau·</span> 
     </span>
     <span class='ocr_line' id='line_1_14' title="bbox 141 2361 1190 2456; baseline -0.003 -23"><span class='ocrx_word' id='word_1_77' title='bbox 141 2363 257 2454; x_wconf 90' lang='lat' dir='ltr'>doque</span> <span class='ocrx_word' id='word_1_78' title='bbox 287 2361 447 2454; x_wconf 88' lang='lat' dir='ltr'>partibus</span> <span class='ocrx_word' id='word_1_79' title='bbox 477 2361 708 2456; x_wconf 82' lang='lat' dir='ltr'>infliguntur:</span> <span class='ocrx_word' id='word_1_80' title='bbox 751 2385 904 2455; x_wconf 89' lang='lat' dir='ltr'>oumque</span> <span class='ocrx_word' id='word_1_81' title='bbox 937 2361 1139 2456; x_wconf 87' lang='lat' dir='ltr'>appellatur</span> <span class='ocrx_word' id='word_1_82' title='bbox 1168 2384 1190 2431; x_wconf 94' lang='lat' dir='ltr'>a</span> 
     </span>
     <span class='ocr_line' id='line_1_15' title="bbox 141 2475 1189 2568; baseline -0.001 -21"><span class='ocrx_word' id='word_1_83' title='bbox 141 2477 323 2548; x_wconf 83' lang='lat' dir='ltr'>definitiva</span> <span class='ocrx_word' id='word_1_84' title='bbox 357 2478 534 2548; x_wconf 87' lang='lat' dir='ltr'>sententia</span> <span class='ocrx_word' id='word_1_85' title='bbox 567 2476 697 2548; x_wconf 81' lang='lat' dir='ltr'>suffieit</span> <span class='ocrx_word' id='word_1_86' title='bbox 727 2476 868 2559; x_wconf 88' lang='lat' dir='ltr'>dixisse,</span> <span class='ocrx_word' id='word_1_87' title='bbox 898 2476 945 2547; x_wconf 90' lang='lat' dir='ltr'>ab</span> <span class='ocrx_word' id='word_1_88' title='bbox 970 2477 1094 2568; x_wconf 91' lang='lat' dir='ltr'>iniqua</span> <span class='ocrx_word' id='word_1_89' title='bbox 1122 2475 1189 2546; x_wconf 87' lang='lat' dir='ltr'>hao</span> 
     </span>
     <span class='ocr_line' id='line_1_16' title="bbox 140 2591 1189 2686; baseline -0.002 -22"><span class='ocrx_word' id='word_1_90' title='bbox 140 2594 317 2664; x_wconf 91' lang='lat' dir='ltr'>sententia</span> <span class='ocrx_word' id='word_1_91' title='bbox 333 2593 495 2686; x_wconf 90' lang='lat' dir='ltr'>appello;</span> <span class='ocrx_word' id='word_1_92' title='bbox 521 2594 581 2664; x_wconf 89' lang='lat' dir='ltr'>sed</span> <span class='ocrx_word' id='word_1_93' title='bbox 601 2593 741 2684; x_wconf 91' lang='lat' dir='ltr'>quando</span> <span class='ocrx_word' id='word_1_94' title='bbox 758 2593 802 2663; x_wconf 96' lang='lat' dir='ltr'>ab</span> <span class='ocrx_word' id='word_1_95' title='bbox 820 2593 1117 2686; x_wconf 90' lang='lat' dir='ltr'>interloquutoria</span> <span class='ocrx_word' id='word_1_96' title='bbox 1134 2591 1189 2663; x_wconf 88' lang='lat' dir='ltr'>vel</span> 
     </span>
     <span class='ocr_line' id='line_1_17' title="bbox 139 2709 1190 2804; baseline -0.001 -24"><span class='ocrx_word' id='word_1_97' title='bbox 139 2711 341 2804; x_wconf 87' lang='lat' dir='ltr'>gravamine</span> <span class='ocrx_word' id='word_1_98' title='bbox 358 2709 476 2802; x_wconf 90' lang='lat' dir='ltr'>aliquo</span> <span class='ocrx_word' id='word_1_99' title='bbox 490 2720 708 2802; x_wconf 77' lang='lat' dir='ltr'>provocatur,</span> <span class='ocrx_word' id='word_1_100' title='bbox 723 2733 827 2780; x_wconf 85' lang='lat' dir='ltr'>causa</span> <span class='ocrx_word' id='word_1_101' title='bbox 844 2711 988 2780; x_wconf 93' lang='lat' dir='ltr'>omuino</span> <span class='ocrx_word' id='word_1_102' title='bbox 1006 2709 1190 2804; x_wconf 86' lang='lat' dir='ltr'>assigauda</span> 
     </span>
     <span class='ocr_line' id='line_1_18' title="bbox 140 2826 820 2918; baseline 0.001 -23"><span class='ocrx_word' id='word_1_103' title='bbox 140 2837 205 2907; x_wconf 88' lang='lat' dir='ltr'>est,</span> <span class='ocrx_word' id='word_1_104' title='bbox 223 2849 301 2917; x_wconf 87' lang='lat' dir='ltr'>quae</span> <span class='ocrx_word' id='word_1_105' title='bbox 319 2848 400 2895; x_wconf 88' lang='lat' dir='ltr'>vera</span> <span class='ocrx_word' id='word_1_106' title='bbox 417 2826 463 2895; x_wconf 89' lang='lat' dir='ltr'>sit</span> <span class='ocrx_word' id='word_1_107' title='bbox 476 2827 573 2917; x_wconf 90' lang='lat' dir='ltr'>justa</span> <span class='ocrx_word' id='word_1_108' title='bbox 590 2837 627 2895; x_wconf 86' lang='lat' dir='ltr'>et</span> <span class='ocrx_word' id='word_1_109' title='bbox 646 2848 820 2918; x_wconf 87' lang='lat' dir='ltr'>expressa.</span> 
     </span>
    </p>

    <p class='ocr_par' dir='ltr' id='par_1_7' title="bbox 140 2941 1189 3266">
     <span class='ocr_line' id='line_1_19' title="bbox 191 2941 1187 3034; baseline 0 -23"><span class='ocrx_word' id='word_1_110' title='bbox 191 2941 239 3011; x_wconf 90' lang='lat' dir='ltr'>Et</span> <span class='ocrx_word' id='word_1_111' title='bbox 266 2943 295 3011; x_wconf 93' lang='lat' dir='ltr'>si</span> <span class='ocrx_word' id='word_1_112' title='bbox 326 2943 464 3033; x_wconf 84' lang='lat' dir='ltr'>proprie</span> <span class='ocrx_word' id='word_1_113' title='bbox 496 2942 591 3034; x_wconf 91' lang='lat' dir='ltr'>loqui</span> <span class='ocrx_word' id='word_1_114' title='bbox 617 2941 775 3023; x_wconf 85' lang='lat' dir='ltr'>velimus,</span> <span class='ocrx_word' id='word_1_115' title='bbox 802 2942 992 3034; x_wconf 84' lang='lat' dir='ltr'>appellatio</span> <span class='ocrx_word' id='word_1_116' title='bbox 1022 2965 1095 3012; x_wconf 92' lang='lat' dir='ltr'>non</span> <span class='ocrx_word' id='word_1_117' title='bbox 1125 2952 1187 3023; x_wconf 84' lang='lat' dir='ltr'>est,</span> 
     </span>
     <span class='ocr_line' id='line_1_20' title="bbox 140 3058 1189 3153; baseline -0.001 -25"><span class='ocrx_word' id='word_1_118' title='bbox 140 3059 206 3128; x_wconf 93' lang='lat' dir='ltr'>nisi</span> <span class='ocrx_word' id='word_1_119' title='bbox 224 3059 260 3127; x_wconf 88' lang='lat' dir='ltr'>in</span> <span class='ocrx_word' id='word_1_120' title='bbox 275 3058 433 3150; x_wconf 82' lang='lat' dir='ltr'>judici03</span> <span class='ocrx_word' id='word_1_121' title='bbox 460 3082 537 3150; x_wconf 81' lang='lat' dir='ltr'>quaa</span> <span class='ocrx_word' id='word_1_122' title='bbox 560 3082 642 3128; x_wconf 87' lang='lat' dir='ltr'>vero</span> <span class='ocrx_word' id='word_1_123' title='bbox 667 3060 709 3128; x_wconf 85' lang='lat' dir='ltr'>fit</span> <span class='ocrx_word' id='word_1_124' title='bbox 739 3068 841 3130; x_wconf 84' lang='lat' dir='ltr'>extra</span> <span class='ocrx_word' id='word_1_125' title='bbox 860 3061 1048 3151; x_wconf 86' lang='lat' dir='ltr'>judicium,</span> <span class='ocrx_word' id='word_1_126' title='bbox 1066 3082 1189 3153; x_wconf 84' lang='lat' dir='ltr'>provo-</span> 
     </span>
     <span class='ocr_line' id='line_1_21' title="bbox 140 3174 482 3266; baseline -0.015 -19"><span class='ocrx_word' id='word_1_127' title='bbox 140 3175 234 3247; x_wconf 81' lang='lat' dir='ltr'>catio</span> <span class='ocrx_word' id='word_1_128' title='bbox 253 3174 321 3244; x_wconf 88' lang='lat' dir='ltr'>dici</span> <span class='ocrx_word' id='word_1_129' title='bbox 340 3175 482 3266; x_wconf 87' lang='lat' dir='ltr'>poterit.</span> 
     </span>
    </p>
   </div>
   <div class='ocr_carea' id='block_1_7' title="bbox 328 3352 993 3438">
    <p class='ocr_par' dir='ltr' id='par_1_8' title="bbox 328 3352 993 3438">
     <span class='ocr_line' id='line_1_22' title="bbox 328 3352 993 3438; baseline -0.003 -21"><span class='ocrx_word' id='word_1_130' title='bbox 328 3353 405 3437; x_wconf 78' lang='lat' dir='ltr'>(lap.</span> <span class='ocrx_word' id='word_1_131' title='bbox 418 3373 450 3438; x_wconf 82' lang='lat'>3.</span> <span class='ocrx_word' id='word_1_132' title='bbox 474 3353 523 3416; x_wconf 81' lang='lat' dir='ltr'>Da</span> <span class='ocrx_word' id='word_1_133' title='bbox 536 3353 737 3438; x_wconf 76' lang='lat' dir='ltr'>appellatione</span> <span class='ocrx_word' id='word_1_134' title='bbox 750 3352 993 3437; x_wconf 66' lang='lat' dir='ltr'>aarayaaioiatt.</span> 
     </span>
    </p>
   </div>
   <div class='ocr_carea' id='block_1_8' title="bbox 140 3491 1187 4285">
    <p class='ocr_par' dir='ltr' id='par_1_9' title="bbox 140 3491 1187 4285">
     <span class='ocr_line' id='line_1_23' title="bbox 192 3491 1187 3587; baseline -0.001 -25"><span class='ocrx_word' id='word_1_135' title='bbox 192 3491 478 3583; x_wconf 86' lang='lat' dir='ltr'>Extrajudioialis</span> <span class='ocrx_word' id='word_1_136' title='bbox 503 3493 694 3585; x_wconf 86' lang='lat' dir='ltr'>appellatio</span> <span class='ocrx_word' id='word_1_137' title='bbox 720 3503 775 3564; x_wconf 89' lang='lat' dir='ltr'>est</span> <span class='ocrx_word' id='word_1_138' title='bbox 791 3517 813 3564; x_wconf 91' lang='lat' dir='ltr'>a</span> <span class='ocrx_word' id='word_1_139' title='bbox 829 3493 992 3587; x_wconf 79' lang='lat' dir='ltr'>praesenti</span> <span class='ocrx_word' id='word_1_140' title='bbox 1018 3515 1081 3562; x_wconf 83' lang='lat' dir='ltr'>seu</span> <span class='ocrx_word' id='word_1_141' title='bbox 1101 3493 1187 3563; x_wconf 87' lang='lat' dir='ltr'>vari·</span> 
     </span>
     <span class='ocr_line' id='line_1_24' title="bbox 140 3611 1186 3704; baseline -0.002 -22"><span class='ocrx_word' id='word_1_142' title='bbox 140 3611 302 3683; x_wconf 89' lang='lat' dir='ltr'>similiter</span> <span class='ocrx_word' id='word_1_143' title='bbox 319 3611 438 3680; x_wconf 88' lang='lat' dir='ltr'>futuro</span> <span class='ocrx_word' id='word_1_144' title='bbox 457 3613 659 3704; x_wconf 85' lang='lat' dir='ltr'>gravamine</span> <span class='ocrx_word' id='word_1_145' title='bbox 677 3614 721 3682; x_wconf 90' lang='lat' dir='ltr'>ad</span> <span class='ocrx_word' id='word_1_146' title='bbox 739 3613 955 3704; x_wconf 86' lang='lat' dir='ltr'>superiorem</span> <span class='ocrx_word' id='word_1_147' title='bbox 973 3611 1186 3702; x_wconf 85' lang='lat' dir='ltr'>provocatio,</span> 
     </span>
     <span class='ocr_line' id='line_1_25' title="bbox 140 3728 1186 3821; baseline -0.003 -22"><span class='ocrx_word' id='word_1_148' title='bbox 140 3738 329 3820; x_wconf 89' lang='lat' dir='ltr'>antequam</span> <span class='ocrx_word' id='word_1_149' title='bbox 358 3728 594 3820; x_wconf 86' lang='lat' dir='ltr'>adjudicium</span> <span class='ocrx_word' id='word_1_150' title='bbox 619 3731 800 3811; x_wconf 88' lang='lat' dir='ltr'>veniatur;</span> <span class='ocrx_word' id='word_1_151' title='bbox 841 3730 878 3798; x_wconf 93' lang='lat' dir='ltr'>in</span> <span class='ocrx_word' id='word_1_152' title='bbox 904 3752 973 3821; x_wconf 90' lang='lat' dir='ltr'>qua</span> <span class='ocrx_word' id='word_1_153' title='bbox 998 3728 1186 3821; x_wconf 90' lang='lat' dir='ltr'>probabilis</span> 
     </span>
     <span class='ocr_line' id='line_1_26' title="bbox 140 3845 1187 3939; baseline -0.001 -24"><span class='ocrx_word' id='word_1_154' title='bbox 140 3855 178 3915; x_wconf 91' lang='lat' dir='ltr'>et</span> <span class='ocrx_word' id='word_1_155' title='bbox 204 3845 402 3915; x_wconf 86' lang='lat' dir='ltr'>verisimilis</span> <span class='ocrx_word' id='word_1_156' title='bbox 429 3846 519 3915; x_wconf 89' lang='lat' dir='ltr'>ratio</span> <span class='ocrx_word' id='word_1_157' title='bbox 550 3845 657 3915; x_wconf 87' lang='lat' dir='ltr'>debet</span> <span class='ocrx_word' id='word_1_158' title='bbox 687 3846 865 3939; x_wconf 88' lang='lat' dir='ltr'>assignari,</span> <span class='ocrx_word' id='word_1_159' title='bbox 892 3868 969 3936; x_wconf 84' lang='lat' dir='ltr'>quaa</span> <span class='ocrx_word' id='word_1_160' title='bbox 995 3847 1023 3915; x_wconf 94' lang='lat' dir='ltr'>si</span> <span class='ocrx_word' id='word_1_161' title='bbox 1050 3846 1187 3915; x_wconf 85' lang='lat' dir='ltr'>reddita</span> 
     </span>
     <span class='ocr_line' id='line_1_27' title="bbox 140 3958 1185 4053; baseline -0.002 -24"><span class='ocrx_word' id='word_1_162' title='bbox 140 3961 257 4040; x_wconf 82' lang='lat' dir='ltr'>fuerit,</span> <span class='ocrx_word' id='word_1_163' title='bbox 276 3983 416 4030; x_wconf 90' lang='lat' dir='ltr'>causam</span> <span class='ocrx_word' id='word_1_164' title='bbox 433 3960 478 4029; x_wconf 91' lang='lat' dir='ltr'>ad</span> <span class='ocrx_word' id='word_1_165' title='bbox 499 3961 712 4050; x_wconf 88' lang='lat' dir='ltr'>superiorem</span> <span class='ocrx_word' id='word_1_166' title='bbox 732 3961 891 4053; x_wconf 82' lang='lat' dir='ltr'>judicem</span> <span class='ocrx_word' id='word_1_167' title='bbox 909 3959 1087 4030; x_wconf 87' lang='lat' dir='ltr'>transfert.</span> <span class='ocrx_word' id='word_1_168' title='bbox 1139 3958 1185 4028; x_wconf 88' lang='lat' dir='ltr'>Et</span> 
     </span>
     <span class='ocr_line' id='line_1_28' title="bbox 140 4075 1185 4169; baseline -0.002 -23"><span class='ocrx_word' id='word_1_169' title='bbox 140 4076 376 4169; x_wconf 84' lang='lat' dir='ltr'>appellatione</span> <span class='ocrx_word' id='word_1_170' title='bbox 402 4077 602 4168; x_wconf 90' lang='lat' dir='ltr'>hujusmodi</span> <span class='ocrx_word' id='word_1_171' title='bbox 630 4076 821 4169; x_wconf 84' lang='lat' dir='ltr'>pendente,</span> <span class='ocrx_word' id='word_1_172' title='bbox 838 4076 888 4145; x_wconf 93' lang='lat' dir='ltr'>nil</span> <span class='ocrx_word' id='word_1_173' title='bbox 915 4076 951 4144; x_wconf 89' lang='lat' dir='ltr'>in</span> <span class='ocrx_word' id='word_1_174' title='bbox 977 4075 1185 4168; x_wconf 90' lang='lat' dir='ltr'>appellantis</span> 
     </span>
     <span class='ocr_line' id='line_1_29' title="bbox 141 4190 1185 4285; baseline -0.002 -23"><span class='ocrx_word' id='word_1_175' title='bbox 141 4194 380 4285; x_wconf 78' lang='lat' dir='ltr'>praejudicinm</span> <span class='ocrx_word' id='word_1_176' title='bbox 403 4193 531 4263; x_wconf 86' lang='lat' dir='ltr'>tentari</span> <span class='ocrx_word' id='word_1_177' title='bbox 555 4202 672 4284; x_wconf 88' lang='lat' dir='ltr'>potest</span> <span class='ocrx_word' id='word_1_178' title='bbox 690 4219 711 4263; x_wconf 93' lang='lat' dir='ltr'>a</span> <span class='ocrx_word' id='word_1_179' title='bbox 722 4192 852 4284; x_wconf 86' lang='lat' dir='ltr'>judice,</span> <span class='ocrx_word' id='word_1_180' title='bbox 872 4215 979 4282; x_wconf 90' lang='lat' dir='ltr'>aquo</span> <span class='ocrx_word' id='word_1_181' title='bbox 998 4201 1052 4262; x_wconf 89' lang='lat' dir='ltr'>est</span> <span class='ocrx_word' id='word_1_182' title='bbox 1070 4190 1185 4284; x_wconf 91' lang='lat' dir='ltr'>appel·</span> 
     </span>
    </p>
   </div>
   <div class='ocr_carea' id='block_1_9' title="bbox 25 4308 264 4480">
    <p class='ocr_par' dir='ltr' id='par_1_10' title="bbox 25 4308 264 4480">
     <span class='ocr_line' id='line_1_30' title="bbox 25 4308 264 4480; baseline -0.004 -103"><span class='ocrx_word' id='word_1_183' title='bbox 25 4362 72 4480; x_wconf 44' lang='lat' dir='ltr'>x</span> <span class='ocrx_word' id='word_1_184' title='bbox 142 4308 264 4380; x_wconf 89' lang='lat' dir='ltr'>latum.</span> 
     </span>
    </p>
   </div>
   <div class='ocr_carea' id='block_1_10' title="bbox 0 0 1350 4800">
    <p class='ocr_par' dir='ltr' id='par_1_11' title="bbox 0 0 1350 4800">
     <span class='ocr_line' id='line_1_31' title="bbox 0 0 1350 4800; baseline 0 0"><span class='ocrx_word' id='word_1_185' title='bbox 0 0 1350 4800; x_wconf 95' lang='lat' dir='ltr'> </span> 
     </span>
    </p>
   </div>
  </div>
 </body>
</html>
