2692 4800
395 312 442 366 nn
460 313 709 367 uectusmnuu
727 315 936 368 nanninus.
1115 301 1186 369 113

145 466 283 539 tluabrrs
310 468 445 538 vicibus
475 480 516 539 ut
546 467 674 539 sileant
704 469 891 540 adhortari.
943 470 1049 554 Quod
1076 471 1102 540 si
1135 489 1244 555 eo-54

144 606 235 670 rum,
268 583 324 656 vel
359 585 466 655 unius
498 607 620 654 eorum
657 583 854 655 hortatibus
884 608 954 656 nou
985 588 1192 678 quieverint,

145 702 236 772 infra
259 723 420 772 mensem
443 702 477 771 id
503 699 570 771 loci
598 701 785 784 ordinario,
810 701 866 771 vel
891 721 954 794 per
977 705 1118 795 seipsos,
1136 702 1193 772 vel

148 840 208 911 per
236 817 368 901 literas,
389 826 452 888 aut
474 839 496 887 a
519 828 655 888 rectore
682 827 791 887 anta
816 819 944 888 vicario
971 819 1193 912 subscriptas,

147 934 334 1028 significari
361 934 546 1005 curabunt.
598 933 687 1017 Quae
711 934 859 1004 crimina
881 933 947 1005 sic¹
972 959 1034 1029 per
1058 937 1196 1030 gardia-

148 1074 211 1122 nos
238 1050 357 1122 delata
382 1061 420 1121 st
442 1049 610 1144 legitimis
636 1050 748 1120 modis
779 1050 935 1143 probata,
964 1054 1075 1144 poenis
1106 1055 1196 1122 ordi·

150 1169 328 1239 uariorum
346 1166 482 1258 judicio
510 1165 708 1259 infligendis
739 1167 853 1258 puniri
878 1166 1040 1237 volumus
1063 1169 1195 1260 absque

149 1280 328 1353 dilatione.

199 1397 388 1480 Praeterea,
414 1397 458 1468 ad
483 1397 669 1491 gardianos
697 1399 872 1490 spectabit
897 1401 1073 1485 cancella,
1099 1423 1198 1472 man·

151 1516 289 1585 sionum
320 1523 357 1583 et
387 1514 572 1583 domorum
607 1515 651 1583 ad
686 1526 870 1598 rectorem,
902 1518 1080 1602 vicarium,
1112 1542 1197 1611 pra·-

152 1628 372 1709 bendarium,
398 1625 537 1720 collegii
569 1625 625 1697 vel
655 1628 836 1720 hospitalis
863 1632 1071 1723 magistrum
1100 1655 1199 1726 spec-

151 1744 318 1826 tantium,
340 1743 457 1812 ruinas
483 1750 521 1811 et
548 1751 743 1812 ceterarum
773 1767 891 1813 rerum
919 1743 1197 1837 dilapidationes,

152 1860 325 1941 defectus,
343 1867 381 1928 et
405 1867 605 1929 curatorum
623 1881 684 1928 seu
703 1861 943 1930 ministrorum
967 1863 1199 1957 negligentias

152 1987 187 2047 at
214 1998 350 2047 errores
375 1973 441 2046 loci
469 1975 644 2046 ordinario
667 1978 884 2071 significare:
920 2001 1057 2050 necnon
1087 1980 1201 2051 ecclc-

152 2094 214 2165 siae
240 2091 448 2186 paroehialis
474 2115 611 2176 navem,
637 2095 773 2175 turrim,
798 2117 995 2186 campanas,
1019 2095 1137 2179 libros,
1162 2106 1200 2167 et

153 2208 220 2279 alia
245 2207 404 2280 ecclesiae
425 2217 640 2291 ornamenta,
658 2231 699 2278 ac
718 2231 826 2278 sacrae
844 2208 1038 2300 Scripturas
1058 2222 1200 2282 senten-

155 2324 220 2393 tias
260 2323 451 2415 parietibus
486 2323 732 2405 inscribendas,
768 2325 812 2394 de
848 2325 1006 2416 pecuniis
1044 2326 1199 2397 ecclesiae

155 2440 295 2531 quoties
317 2460 404 2530 opus
428 2438 534 2509 fuerit
557 2461 727 2531 reparare,
747 2438 802 2509 vel
820 2451 860 2509 ut
880 2443 967 2511 liant
990 2464 1197 2534 procurare:

156 2578 220 2626 neo
243 2576 315 2625 non
339 2555 580 2624 coemeterium
602 2553 762 2626 clausura
784 2556 924 2626 decenti
946 2557 1097 2652 cingere.
1151 2559 1199 2630 Et

156 2671 181 2741 si
209 2669 370 2742 ecclesiae
396 2671 556 2763 pecuniae
582 2672 627 2741 ad
658 2673 838 2764 praemissa
867 2673 1080 2765 perficienda
1104 2676 1200 2746 suffi-

155 2811 234 2858 cere
260 2811 331 2857 non
352 2786 505 2870 valeant,
523 2786 644 2858 licebit
668 2789 729 2872 eis,
747 2811 828 2858 cum
855 2812 1025 2861 consensu
1049 2801 1200 2883 quatuor

155 2905 355 2999 graviorum
382 2903 683 2995 parochianorum,
707 2928 770 2998 per
794 2929 855 2976 eos
881 2906 924 2975 sd
951 2905 1018 2977 hoc
1045 2907 1202 3001 deligen-

156 3023 292 3104 dorum,
310 3020 495 3091 collectam
513 3021 659 3114 singulis
680 3021 911 3113 parochianis,
928 3021 1049 3109 (modo
1071 3026 1202 3117 seipsos

156 3147 239 3210 aute
256 3136 344 3208 alios
365 3138 410 3207 ad
424 3141 558 3232 justam
577 3138 774 3230 portionem
796 3137 1000 3210 solvendam
1018 3140 1202 3234 obligent)

157 3279 218 3347 pro
250 3255 386 3325 ratione
416 3253 626 3324 facultatum
657 3255 852 3346 imponere.
909 3254 1014 3338 Quod
1044 3258 1073 3327 si
1103 3280 1204 3349 paro-

159 3371 275 3442 chiani
306 3368 491 3441 collectam
521 3368 722 3461 hujusmodi
750 3370 794 3439 ad
821 3371 915 3440 diem
932 3394 1007 3467 ¹per
1035 3395 1096 3444 eos
1121 3397 1204 3444 con-

158 3488 323 3560 stitutum
357 3486 493 3557 solvere
526 3486 737 3567 distulerint,
769 3508 830 3555 seu
865 3491 1122 3560 contumaciter
1150 3513 1205 3560 re-

159 3604 369 3685 cusaverint,
395 3610 433 3672 et
463 3625 527 3694 per
554 3603 739 3695 gardianos
767 3602 834 3672 loci
869 3604 1044 3674 ordinario
1078 3604 1205 3676 delati²

157 3719 301 3798 fuerint,
334 3718 379 3787 ad
414 3716 617 3787 solvendam
657 3716 842 3788 collectam
885 3719 1086 3811 hujusmodi
1122 3744 1203 3791 cum

158 3834 322 3926 expensis
342 3832 532 3902 moderatis
556 3856 618 3925 per
640 3856 803 3904 censuras
823 3834 1077 3908 ecclesiasticas
1100 3848 1206 3909 erunt

159 3971 220 4042 per
241 3948 456 4019 ordinarium
482 3948 728 4042 compellendi.

213 4065 373 4138 Pecunia
412 4066 447 4134 in
483 4088 676 4159 pauperum
715 4068 805 4137 cista
844 4068 981 4159 piorum
1021 4067 1206 4162 largitione

159 4183 319 4276 reposita,
337 4180 380 4252 ad
407 4182 498 4252 festa
516 4180 725 4252 Natiuitatis
742 4182 888 4253 Domini
910 4195 947 4253 et
965 4183 1205 4268 Pentecosten

451 4317 507 4380 πὶ.
805 4323 920 4380 ²dilati.

683 4441 695 4489 1
