2692 4800
458 321 676 389 PRAEFAT10‚
699 323 753 381 En.
770 339 855 398 1571.
1100 324 1176 380 xxvii

128 476 286 562 specimen
304 477 467 541 duntaxat
486 477 541 553 rei,
558 475 644 540 velut
665 476 708 540 ad
730 482 859 561 gustum
882 475 945 539 ista
967 474 1112 540 lectitare
1127 497 1178 538 vo·

128 578 276 657 lontibus,
299 578 532 658 exhiberemus,
556 601 627 664 quae
649 577 703 642 uhi
726 577 865 663 perlecta
885 577 1013 655 inerint,
1035 600 1094 664 pro
1121 600 1178 642 suo

127 682 260 767 quisque
275 688 388 768 captu,
405 681 481 766 qnid
497 682 537 745 de
551 680 590 744 iis
611 680 817 746 statuendum
836 687 939 766 putet,
954 680 1052 746 libere
1072 703 1178 746 secum

128 785 279 870 pensitet.
336 783 386 847 Ut
410 783 487 846 nihil
514 790 574 856 est,
600 804 658 847 nec
687 804 828 868 unquam
853 782 923 860 luit,
953 789 1021 848 tam
1046 783 1180 848 feliciter

128 886 270 952 humano
285 885 508 951 elucubratum
522 885 658 972 ingenio,
670 886 720 950 cui
736 907 799 949 non
813 885 932 971 aliquid
947 885 1073 950 inhaesit
1087 887 1177 966 naevi,

127 988 175 1054 its
189 1011 297 1074 neque
312 988 363 1052 hic
374 988 510 1052 sortasse
525 988 674 1052 defutura
688 993 774 1063 sunt,
788 1009 858 1072 quae
870 988 1006 1068 δευτέρας
1021 990 1179 1068 φροντίδας

128 1097 162 1154 et
182 1090 340 1155 acriorem
359 1089 489 1155 lectoris
511 1090 736 1155 discussionem
757 1089 903 1175 flagitare
924 1088 1081 1153 nonnullis
1096 1090 1178 1154 vide-

128 1192 260 1256 buntur.
307 1191 346 1256 In
361 1214 425 1278 quo
446 1213 563 1279 genere
584 1198 704 1277 preater
717 1190 780 1255 alia
800 1213 871 1274 quae
894 1191 1061 1255 brevitatis
1082 1214 1178 1257 causa

129 1294 292 1359 transilire
312 1316 420 1381 cogor,
435 1295 495 1358 hoc
515 1316 611 1357 unum
626 1293 754 1357 minime
769 1293 816 1357 vel
831 1293 1087 1378 pratereundum
1102 1294 1179 1360 mihi

128 1397 177 1461 vel
192 1397 299 1462 doctis
310 1397 438 1484 judiciis
452 1396 686 1461 admittendum
702 1395 837 1472 videtur,
847 1394 932 1479 qnod
947 1394 998 1458 lex
1012 1396 1076 1460 ista
1090 1404 1179 1462 vetat

129 1499 162 1563 in
185 1499 284 1565 titulo
307 1501 348 1565 de
367 1500 481 1564 divinis
505 1498 625 1576 officiis,
646 1520 715 1583 cap.
730 1501 779 1562 16.
800 1498 1028 1582 nequicquam
1051 1500 1178 1565 omnino

128 1609 249 1689 praeter
264 1604 452 1689 praescripta
467 1610 649 1689 peragetur,
666 1609 700 1666 et
713 1600 865 1665 formulas
883 1600 965 1665 illius
981 1601 1053 1665 libri
1068 1608 1179 1667 nostra

128 1705 288 1769 communi
304 1705 412 1792 lingua
427 1705 548 1791 scripti,
559 1725 651 1790 quem
667 1703 829 1789 proprium
844 1710 877 1767 et
888 1703 1063 1789 perfectum
1077 1705 1178 1769 omnis

128 1806 228 1872 divim
243 1807 348 1871 cultus
361 1806 550 1892 magistrum
566 1827 634 1870 esse
649 1806 775 1885 statuit,
792 1807 850 1870 ac.
891 1804 957 1868 Nos
971 1828 1045 1870 vero
1060 1808 1178 1892 perfec·

128 1918 199 1976 mm
222 1909 326 1974 omnis
340 1907 437 1973 divini
456 1908 560 1972 cultus
581 1907 769 1993 magistrum
786 1907 886 1970 solum
903 1907 964 1972 Dei
979 1909 1110 1972 verbum
1124 1931 1178 1995 ag-

128 2011 299 2088 noscimus,
316 2032 389 2075 cum
410 2008 536 2075 interim
552 2009 584 2072 in
600 2010 659 2073 hoo
678 2009 759 2074 libro
777 2032 839 2073 non
856 2032 925 2074 esse
940 2011 1025 2075 nulla
1040 2019 1177 2088 constat,

128 2136 202 2200 qnoe
224 2135 283 2199 per
300 2112 408 2177 omnia
424 2111 528 2176 minus
543 2112 701 2199 quadrare
722 2112 764 2177 ad
787 2112 945 2196 amussim*
959 2112 1178 2178 ecclesiastieae

128 2214 367 2280 reformationis
389 2214 568 2291 videantur,
592 2215 754 2299 multoque
779 2215 897 2280 rectius
917 2216 1055 2280 fortusse
1076 2223 1178 2282 muta-

128 2324 252 2382 rentur.
307 2315 372 2380 Sed
393 2315 461 2379 haec
484 2316 526 2379 ab
554 2314 625 2379 aliis
651 2316 769 2380 rectius
794 2316 941 2402 perspici,
965 2339 1060 2402 quam
1085 2341 1106 2382 a
1129 2339 1179 2382 me

128 2419 294 2486 admoneri
308 2417 460 2505 poterint.

172 2522 312 2588 Interim
326 2520 527 2585 illustrissimi
543 2519 696 2606 principis
712 2519 876 2585 Edouardi
892 2521 992 2586 nostri
1008 2529 1076 2587 tam
1091 2523 1178 2608 piam

128 2645 267 2709 vereque
284 2621 499 2689 Christianam
514 2620 757 2686 sollicitudinem
773 2644 933 2708 nunquam
955 2623 1034 2688 satis
1048 2624 1177 2690 laudare

129 2749 223 2815 queo,
238 2747 297 2790 nec
311 2724 416 2788 minus
430 2724 581 2811 preclare
596 2746 705 2788 eornm
720 2725 818 2790 etiam
832 2726 1000 2792 doctomm
1014 2727 1177 2791 hominnm

128 2836 282 2896 navatam
296 2826 494 2914 diligentiam
513 2826 661 2904 arbitror,
679 2827 732 2912 qni
754 2828 963 2915 congerendis
983 2828 1034 2894 his
1055 2829 1178 2916 legibus

128 2931 336 3020 prefuerunt,
353 2951 432 3015 quas
446 2950 569 2993 sununs
585 2929 816 3014 approbatione
830 2936 864 2994 et
882 2931 1036 3017 applausu
1054 2932 1178 2996 illomm

128 3043 201 3101 tum
216 3039 395 3120 temporum
408 3030 505 3096 fuisse
525 3038 672 3117 receptas
691 3039 828 3098 mustat.
873 3033 940 3097 Nec
956 3033 1086 3097 dubium
1101 3034 1177 3119 quin

128 3134 359 3224 parlamentari
389 3134 487 3200 etiam
515 3133 715 3199 authoritate
743 3135 863 3199 eaedem
891 3136 1071 3200 sanctiones
1107 3136 1177 3202 istae

129 3238 343 3304 constabilitae
365 3244 463 3322 atque
480 3237 513 3302 in
533 3237 693 3323 publicum
712 3259 803 3301 usum
821 3246 1015 3302 consecratas
1033 3238 1176 3319 inissent,

129 3340 240 3406 sirita
261 3339 330 3426 regi
349 3340 444 3425 paulo
458 3339 582 3425 longior
596 3337 798 3425 suppetisset.
844 3339 937 3421 Quod
952 3345 989 3404 ut
1003 3339 1094 3405 valde
1108 3349 1179 3405 tum

129 3443 301 3508 dolendum
322 3448 374 3506 est
395 3463 459 3506 non
481 3441 660 3528 contigisse,
676 3440 724 3506 ita
738 3463 821 3506 nunc
836 3441 972 3507 vicissim
992 3444 1178 3529 optandum,

130 3545 217 3632 quod
245 3565 304 3631 per
328 3550 555 3629 praematuram
581 3552 718 3609 mortem
741 3543 825 3630 regis
848 3543 930 3609 illius
954 3552 1106 3633 negatum
1130 3553 1180 3612 est

131 3647 284 3714 Ecclesiae
324 3646 482 3724 felicitati,
523 3668 581 3731 per
615 3646 755 3711 feliciora
786 3653 933 3732 tempora
972 3647 1178 3713 serenissima

130 3751 248 3838 reginae
274 3756 395 3822 nostrae
416 3749 612 3814 Elisabethae
636 3749 832 3835 suppleatur,
854 3749 1028 3815 accedente
1053 3750 1180 3835 publica

131 3853 225 3940 hujus
255 3875 340 3919 nunc
367 3851 557 3937 parlamenti
586 3852 794 3930 authoritate,
821 3851 976 3937 simulque
1001 3853 1180 3919 laventibus

131 3957 301 4021 doctorum
315 3953 478 4020 hominnm
493 3951 662 4038 suffragiis.
709 3954 795 4034 Quos
817 3959 855 4017 nt
877 3961 1021 4019 nostram
1042 3955 1124 4020 hano
1146 3956 1179 4019 in

132 4057 255 4124 edendo
269 4053 440 4122 audaciam
453 4053 528 4118 boni
544 4054 720 4135 consulant,
736 4055 877 4142 impense
891 4078 1047 4143 rogamus.
