2692 4800
144 258 193 323 50
542 269 592 319 nn
609 267 826 319 ennarrans
1207 269 1263 320 cr·

142 422 239 496 civili
255 423 365 494 etiem
382 423 498 515 capite
515 422 743 515 plecteretur.
782 421 875 493 Rem
892 422 1003 517 igitur
1019 422 1102 495 Deo
1119 431 1192 495 tmn

144 540 301 611 odiosam
317 546 356 608 et
372 562 394 609 a
409 537 636 610 sanctissimis
658 539 852 630 majoribus
873 538 1003 611 nostris
1024 538 1192 634 singulari

144 658 304 728 cruciatu
329 653 533 741 confixaml,
560 655 789 727 ecclesiastici
809 656 950 748 jndices
983 657 1099 729 nostri
1123 680 1192 729 non

144 773 278 843 debent
294 771 370 843 sine
385 773 590 866 gravissima
605 795 710 866 poena
725 773 917 846 dimittere.

182 949 260 1034 Cap.
278 967 308 1015 a.
330 947 480 1013 mostra·
493 948 530 1013 de
543 947 696 1014 adulterio
710 949 840 1014 moicti
853 950 996 1037 womodo
1002 949 1160 1037 paschasii

626 1059 706 1115 cuni.

196 1174 388 1246 Ordiamur
409 1175 455 1244 ab
475 1172 702 1244 ecclesiarum
729 1174 908 1256 ministris,
935 1196 1089 1266 quornm
1113 1174 1191 1245 vita

145 1291 320 1383 praecipua
341 1290 500 1382 quaedam
524 1289 708 1383 integritas
725 1313 801 1361 esse
824 1286 959 1361 debeat
1011 1288 1144 1383 Itaque
1164 1289 1191 1358 si

145 1406 225 1497 quis
242 1427 288 1474 ex
311 1405 381 1475 iilis
404 1405 579 1488 adulterii,
596 1407 827 1489 scortationis,
845 1416 908 1478 aut
930 1405 1089 1478 incestus
1112 1428 1192 1476 con·

145 1521 262 1592 victus
287 1521 404 1605 fuerit,
431 1523 458 1592 si
490 1523 666 1615 propriam
692 1522 856 1594 habuerit
884 1545 1045 1606 uxorem,
1073 1543 1191 1594 omnes

146 1639 222 1731 ejus
239 1660 324 1730 opes
348 1647 386 1709 et
404 1637 496 1709 bona
513 1638 746 1709 devolventur
770 1640 814 1710 ad
832 1663 911 1710 eam
929 1649 967 1710 et
992 1638 1037 1710 ad
1055 1638 1191 1722 liberos,

145 1756 175 1826 si
201 1756 262 1847 qui
287 1757 358 1825 sint
380 1778 426 1825 ex
452 1779 503 1835 ea,
530 1755 586 1825 vel
613 1779 659 1826 ex
684 1755 802 1848 aliquo
827 1757 942 1850 priora
966 1757 1192 1828 matrimonio

145 1871 306 1966 legitime
324 1872 409 1942 nati.
461 1871 500 1941 Si
516 1894 599 1941 vero
616 1895 682 1942 nec
700 1895 798 1944 suam
816 1894 965 1943 uxorem
981 1895 1050 1944 nec
1067 1872 1193 1945 liberos

146 1989 286 2071 habeat,
314 2010 437 2058 omnes
463 1989 538 2079 ejus
563 1987 760 2072 facultates,
779 1989 950 2059 arbitratu
968 1989 1113 2081 judicis,
1140 1989 1196 2061 vel

146 2105 240 2174 inter
252 2127 423 2197 pauperes
441 2105 701 2196 dispertientur,
717 2105 773 2175 vel
786 2108 823 2174 in
836 2104 905 2176 alia
920 2106 1066 2198 pietatis
1083 2105 1197 2180 officia

146 2221 383 2292 conferentur.
434 2220 574 2290 Deinde
598 2221 626 2289 si
650 2220 745 2311 quod
768 2220 821 2290 illi
841 2222 1055 2293 beneficium
1079 2223 1196 2306 fuerit,

147 2344 335 2428 postquam
359 2334 524 2404 adulterii
543 2335 599 2404 vel
617 2336 771 2407 incestus
788 2337 844 2407 vel
870 2339 1095 2409 scortationis
1115 2362 1200 2410 con-

148 2453 263 2523 victus
289 2452 407 2534 fuerit,
425 2474 470 2520 ex
497 2474 539 2522 eo
566 2460 726 2545 tempore
750 2455 909 2547 protinus
931 2453 1019 2525 illud
1043 2457 1196 2537 amittat,

148 2591 214 2638 nec
232 2566 282 2637 illi
301 2575 456 2660 potestas
473 2566 538 2638 sit³
551 2567 664 2638 ullum
677 2569 773 2639 aliud
787 2571 992 2664 accipiendi.
1021 2570 1197 2645 Praeterea

150 2683 206 2753 vel
225 2684 490 2776 inperpetuum
515 2683 700 2777 ablegetur
722 2686 881 2770 exilium,
901 2686 957 2758 vel
980 2689 1025 2758 ad
1049 2697 1197 2760 aeternas

150 2796 299 2865 carceris
316 2796 480 2865 tenebras
499 2797 725 2889 deprimatur.

367 3000 444 3085 Oap.
460 3020 489 3086 3.
514 3002 629 3064 Laicus
643 3001 786 3086 quomodo
794 3001 982 3087 puniendus.

201 3125 330 3196 Laicus
352 3122 514 3192 adulterii
535 3125 722 3193 damnatus
739 3125 840 3193 uxori
865 3147 935 3194 suae
959 3125 1081 3196 dotem
1099 3128 1197 3197 resti·

151 3243 264 3324 tuit03
292 3239 419 3309 deinde
444 3239 617 3307 bonorum
647 3240 888 3309 universorum
911 3240 1096 3312 dimidiam
1121 3265 1198 3335 par·

152 3366 227 3427 tem
255 3358 370 3426 eidem
402 3356 502 3423 uxori
527 3355 723 3424 concedito.
776 3354 962 3439 Praeterea,
980 3357 1039 3428 vel
1061 3359 1099 3428 in
1122 3382 1198 3452 per·

153 3482 301 3566 petuum
331 3470 478 3542 exilium
509 3473 570 3553 ito,
597 3470 652 3540 vel
683 3481 821 3542 aeternae
852 3475 999 3543 carceris
1033 3475 1197 3547 custodiae

153 3590 383 3681 mancipator.

198 3756 276 3840 Cap.
288 3774 318 3835 4.
346 3754 459 3817 Ueteres
472 3755 535 3816 sios
548 3753 755 3816 carceream
769 3752 830 3818 sios
846 3753 993 3818 laicorum
1007 3755 1149 3840 quorucdo

588 3856 768 3940 pronis-adro.

206 3978 359 4061 Uxores,
377 4002 422 4048 ex
449 3979 624 4047 contraria
653 3988 765 4071 parte,
792 3990 866 4048 tam
896 3978 1068 4049 laicorum
1097 4002 1197 4072 quam

156 4097 406 4178 ministrorum,
436 4094 465 4164 si
496 4094 629 4163 crimen
662 4093 826 4164 adulterii
858 4102 982 4165 eontra
1016 4094 1094 4166 illas
1124 4118 1197 4189 pro·

241 4264 250 4308 1
267 4265 439 4322 crucifixam.
630 4262 644 4307 2
658 4265 784 4323 deberet.
990 4267 1005 4313 3
1019 4271 1056 4328 sit
1071 4291 1122 4328 om.
