2692 4800
128 285 192 349 342
512 287 786 352 APPENDIX.

171 444 238 517 263,
258 462 302 518 13.
325 445 371 503 vel
391 445 504 520 quando
521 492 547 504 ..
562 492 568 505 .
581 448 697 522 pestis.
740 448 776 506 In
790 447 891 523 quibus
904 448 1019 507 casibus
1032 448 1124 506 added
1136 448 1172 524 by

127 541 157 598 P.
169 542 213 601 M.

166 674 208 686 -
225 657 271 717 17.
293 650 323 699 et
336 641 492 716 praesertim
511 640 738 700 ....intereedit
751 641 844 699 added
857 640 896 717 by
909 641 942 698 P.
953 640 999 698 M.

167 771 207 784 -
226 757 272 814 23.
294 739 370 815 quod
398 739 463 796 MS.
480 738 546 814 quia

168 868 209 881 -
225 855 273 909 24.
295 837 457 912 Rumpitur.
506 836 567 893 The
581 844 641 893 rest
654 836 687 894 of
697 836 747 893 the
760 836 881 911 chapis
899 835 929 892 in
948 835 998 893 the
1013 836 1128 912 writing
1145 836 1176 893 of

128 937 158 993 P.
167 936 211 994 M.

168 1034 236 1109 265,
254 1033 299 1091 26.
320 1033 403 1090 After
417 1051 587 1109 progressus
600 1033 638 1089 sit
651 1033 702 1090 the
716 1030 784 1090 MS.
798 1032 851 1089 has
864 1039 895 1089 et
909 1040 1010 1089 contra
1024 1032 1174 1108 superioris

125 1133 198 1208 legis
211 1132 298 1189 verba
311 1132 471 1206 quicunque
485 1130 659 1187 commiserit
673 1130 772 1187 erased
786 1131 825 1206 by
840 1128 889 1188 Cr.
1192 1118 1202 1145 ⁴

168 1228 237 1296 268,
252 1229 280 1286 6.
304 1248 366 1286 esse
394 1228 459 1284 MS.
474 1247 531 1284 om.

169 1341 236 1400 270,
253 1344 280 1400 7.
304 1325 557 1400 Presumptionem
585 1323 653 1382 MS.
669 1324 893 1399 Praesumptione

165 1455 206 1466 -
223 1442 269 1498 ¹9·
292 1422 378 1480 After
391 1423 429 1480 sit
442 1421 507 1479 MS.
521 1422 611 1480 facile.
653 1422 721 1480 This
735 1422 817 1496 chap.
832 1423 856 1479 is
870 1423 900 1478 in
911 1422 987 1480 Cr.'s
1002 1423 1131 1499 writing.

167 1536 235 1596 271,
252 1521 280 1578 8.
302 1521 444 1578 malitiosa
457 1521 604 1577 voluntate
618 1539 651 1577 ac
676 1518 744 1577 MS.
759 1521 884 1595 prudens
899 1530 928 1578 et
942 1520 1037 1578 sciens

165 1650 205 1663 -
224 1637 269 1691 13.
292 1638 350 1676 non
378 1618 445 1676 MS.
459 1627 509 1676 aut
523 1638 581 1676 non

164 1750 204 1762 -
221 1735 267 1774 22.
290 1725 525 1792 oppugnaverant
552 1715 619 1773 MS.
636 1716 865 1792 oppugnaverint

168 1831 203 1889 27
207 1831 236 1890 5,
255 1813 301 1870 26.
324 1813 480 1888 prodiderit
506 1812 574 1872 MS.
590 1812 761 1888 perdiderit:
784 1813 841 1870 and
855 1832 887 1870 so
901 1813 932 1869 in
945 1813 965 1869 l.
982 1813 1033 1870 ult.

166 1910 370 1985 276‚cap.11·
402 1912 443 1966 At
463 1910 513 1967 the
538 1909 593 1967 end
616 1909 648 1965 of
667 1909 725 1966 this
744 1910 825 1984 chap.
848 1909 898 1966 the
914 1908 982 1966 MS.
998 1909 1070 1966 adds
1091 1918 1174 1985 atque

128 2007 183 2065 hoe
198 2026 255 2064 non
269 2007 361 2080 solum
375 2007 405 2063 in
419 2006 493 2063 civili
511 2005 628 2081 judicio,
644 2007 694 2063 sed
707 2007 738 2063 in
752 2007 889 2064 criminali
899 2025 1012 2082 quoque
1026 2006 1170 2064 observari

124 2106 255 2162 volumus
270 2105 369 2162 erased
382 2105 420 2179 by
435 2106 482 2161 Cr.

167 2218 234 2275 277,
251 2221 279 2278 9.
302 2204 363 2277 ejus
389 2201 455 2259 MS.
473 2220 530 2258 om.

164 2333 205 2343 -
224 2319 233 2357 r
240 2318 268 2374 3.
291 2299 394 2356 Before
409 2298 522 2355 dabitur
536 2298 584 2354 the
599 2297 666 2354 MS.
681 2300 733 2354 has
748 2306 825 2354 certe
838 2297 938 2355 erased
952 2297 991 2373 by
1006 2297 1054 2355 Cr.

168 2413 235 2473 279,
251 2413 280 2469 4.
302 2415 387 2453 causa
401 2397 450 2454 Cr.
466 2396 577 2453 instead
593 2396 625 2452 of
636 2395 870 2470 impedimentum

165 2527 205 2539 -
221 2512 249 2569 5.
271 2494 350 2551 Here
371 2494 421 2551 the
442 2493 509 2551 MS.
533 2494 604 2550 adds
626 2492 703 2551 what
727 2493 846 2558 follows,
865 2495 966 2551 erased
989 2494 1027 2570 by
1047 2496 1096 2552 Cr.
1117 2495 1174 2564 Qui

123 2592 207 2650 fuerit
223 2592 357 2666 spoliatus
372 2600 456 2666 atque
468 2592 526 2648 suia
539 2593 622 2648 bonis
637 2592 664 2647 vi
684 2592 819 2666 dejectus,
835 2601 867 2647 ut
886 2593 1059 2666 respondeat
1074 2594 1171 2650 adver-

124 2690 204 2748 sariis
218 2690 276 2746 suis
296 2689 325 2744 in
342 2689 449 2762 judicio
471 2691 601 2764 compelli
625 2709 683 2745 non
702 2698 806 2764 potest,
826 2691 880 2746 nisi
900 2691 979 2764 prius
1000 2692 1173 2748 restituatur.

124 2790 238 2847 Deinde
253 2788 401 2845 restitutus
415 2789 443 2844 in
459 2788 601 2863 integrum
620 2789 656 2845 ad
678 2789 898 2863 comparendum
920 2798 1042 2862 quatuor
1063 2799 1112 2846 aut
1126 2808 1173 2844 sex

124 2888 263 2944 mensium
279 2887 442 2943 dilationem
458 2887 581 2943 habebit.

167 2986 235 3050 280,
254 3005 267 3042 2
273 3001 299 3059 5.
321 2984 446 3041 Inferiis
467 2985 516 3041 the
531 2983 596 3041 MS.
612 2984 663 3040 has
679 2984 845 3058 Repentiuis
860 2983 937 3040 feriis
952 3003 1004 3041 nec
1019 3004 1077 3041 non
1092 2985 1172 3041 insti·

123 3084 193 3141 tutis
208 3084 244 3140 ad
259 3084 397 3139 honorem
411 3084 465 3138 Dei

163 3214 204 3223 -
219 3181 269 3237 ult.
292 3180 370 3236 Here
385 3182 432 3235 Cr.
448 3179 499 3234 has
521 3178 620 3234 erased
634 3178 711 3233 what
725 3177 835 3234 follows
857 3179 1041 3247 Quaestiones
1063 3198 1173 3255 quoque

124 3297 157 3334 ae
172 3287 315 3335 tormenta
329 3277 486 3333 latronibus
500 3285 616 3349 propter
629 3275 680 3331 has
695 3276 779 3331 ferias
793 3295 851 3331 non
866 3278 1048 3333 remittentur

166 3377 234 3442 281,
253 3395 300 3434 20.
323 3384 352 3432 et
367 3375 465 3450 gravia
483 3420 507 3430 ..
523 3423 526 3430 .
541 3421 545 3429 .
560 3373 653 3447 puniri
667 3373 759 3429 added
774 3374 810 3448 by
826 3373 874 3430 Cr.

166 3475 233 3545 283,
249 3494 309 3549 cap.
325 3487 353 3549 5.
376 3473 409 3528 ln
424 3473 473 3528 the
487 3482 546 3528 rest
560 3471 592 3526 of
603 3472 660 3527 this
674 3471 782 3528 section
796 3471 845 3527 the
859 3471 935 3528 titles
947 3474 979 3528 of
991 3473 1072 3547 chap.
1086 3492 1134 3530 are
1144 3474 1171 3529 in

123 3572 172 3628 the
187 3573 302 3646 nniting
316 3571 347 3627 of
360 3573 391 3628 P.
401 3572 444 3627 M.

166 3669 299 3744 284,19.
323 3668 377 3724 erit
405 3666 472 3723 MS.
489 3675 549 3723 erat

165 3767 233 3842 285,
250 3786 278 3823 2.
302 3766 366 3823 MS.
383 3765 492 3839 possint

166 3866 232 3930 288,
249 3865 356 3940 penult.
380 3865 456 3933 Quia
474 3909 498 3921 ..
515 3866 648 3937 ..possit
694 3863 770 3919 Here
791 3883 808 3919 a
829 3862 969 3938 marginal
990 3873 1058 3919 note
1081 3864 1108 3919 in
1124 3864 1172 3919 the

122 3964 238 4039 writing
252 3964 284 4019 of
296 3964 327 4019 P.
341 3964 382 4018 M.
407 3962 528 4017 Videtur
543 3962 709 4017 redundare.

166 4063 232 4135 289,
250 4062 274 4117 8.
298 4062 379 4115 Petat
397 4106 402 4114 .
417 4107 421 4115 .
439 4066 609 4116 ..oneretur
623 4059 715 4114 added
731 4059 767 4132 by
784 4058 812 4112 l‘.
824 4059 867 4114 M.

165 4177 233 4233 290,
252 4176 294 4213 ro.
317 4158 370 4213 nisi
389 4203 413 4213 ..
430 4157 690 4213 ..favorabiliorem
707 4156 797 4212 added
813 4157 850 4231 by
867 4156 900 4212 P.
911 4156 953 4210 M.

163 4289 202 4296 —
222 4274 267 4313 12.
292 4254 441 4311 Hactenus
459 4301 481 4311 ..
501 4255 685 4312 ..sententia
715 4255 791 4310 Here
808 4254 837 4310 P.
851 4254 894 4311 M.
910 4263 992 4309 notes
1008 4255 1171 4313 Redundat.
