2692 4800
180 278 252 342 242
521 293 570 343 ou
595 293 749 343 camma
775 293 886 344 aanor.
1232 293 1260 345 o.
1274 274 1340 371 6,7.

248 560 324 644 Gap.
337 562 365 623 6.
389 559 505 624 Scriba
519 559 629 624 citium
642 558 824 645 negligentia
838 558 997 625 inductam
1011 558 1157 645 quomodo

616 660 781 745 puniatur.

226 794 371 866 Accidit
388 798 508 880 etiam,
525 805 567 865 ut
584 818 667 867 eum
684 819 731 867 ex
747 797 951 890 archetypo,
970 795 1028 867 vel
1046 800 1105 886 (ut
1122 795 1224 891 vulgo

177 912 378 999 nominant)
410 910 580 1004 originali,
607 911 817 981 describitur
841 910 985 1003 aliquod
1014 911 1224 981 iustrumen-

177 1037 267 1110 tum,
295 1027 409 1097 scriba
438 1026 621 1121 negligens
651 1037 689 1097 et
718 1050 790 1097 non
823 1028 908 1098 satis
941 1027 1224 1097 animadvertens

176 1152 282 1227 erret,
299 1166 340 1212 ac
358 1141 489 1234 aliquid
508 1164 609 1213 secus
626 1152 744 1235 ponat,
761 1139 887 1235 quam¹
908 1141 945 1212 in
968 1141 1133 1237 originali
1156 1141 1226 1213 ool·

176 1257 333 1329 locatum
351 1267 415 1328 est.
468 1258 573 1341 Quod
591 1259 620 1329 si
638 1258 736 1329 nulla
752 1259 874 1329 fraude
895 1260 1030 1330 factum
1053 1281 1145 1341 essa,
1163 1281 1225 1328 nec

67 1426 71 1432 ·
177 1375 259 1445 dolo
285 1372 390 1458 malo,
408 1374 521 1444 scriba
542 1374 740 1446 defenderit
765 1384 804 1445 et
829 1374 1036 1458 obtinuerit,
1054 1373 1135 1445 falsi
1152 1373 1227 1466 qui·

176 1489 258 1560 dem
277 1513 349 1560 uon
367 1490 602 1571 damnabitur,
620 1491 681 1560 sed
699 1499 821 1561 tamen
838 1490 1069 1585 negligentiae
1088 1511 1226 1583 poenam

177 1603 277 1674 dabit
296 1627 401 1696 quam
414 1604 529 1696 judex
546 1604 784 1696 assignaverit.
840 1603 985 1673 Etenim
1003 1602 1109 1674 illum
1126 1626 1227 1698 opor·

176 1719 293 1791 tebat²
310 1722 345 1790 in
364 1744 407 1791 eo
425 1720 580 1814 vigilare,
598 1732 639 1789 ut
660 1742 760 1790 suam
781 1720 990 1813 scripturam
1008 1719 1055 1790 ad
1072 1721 1226 1811 primum

175 1835 380 1929 exemplum
403 1834 592 1930 diligenter
613 1835 907 1906 accommodaret.
959 1833 1144 1928 Scriptum
1166 1858 1227 1906 au·

175 1960 249 2020 tem
266 1951 392 2043 ipsum,
410 1951 447 2020 in
465 1974 536 2043 quo
556 1952 606 2021 sic
624 1951 826 2021 aberratum
844 1959 908 2033 est,
926 1948 1064 2020 nullam
1082 1950 1226 2021 omnino

176 2065 282 2136 fidem
302 2065 433 2137 habere
450 2075 580 2161 potest.

218 2295 297 2381 Cap.
311 2315 339 2376 7.
362 2295 476 2380 stata
490 2296 721 2361 universitatum
735 2304 764 2360 et
776 2297 949 2362 societatum
963 2296 1029 2360 aine
1042 2316 1187 2361 conam

263 2395 413 2482 prefecti
427 2407 455 2461 et
470 2398 595 2482 majoros
602 2397 709 2484 portis
722 2397 931 2463 universitatis
944 2416 1005 2460 aaa
1019 2396 1130 2461 voleat

230 2534 356 2629 Sigilla
390 2536 634 2630 capitulorum,
669 2538 907 2620 ecclesiarum,
942 2537 1223 2616 universitatum,

175 2650 414 2743 hospitalium,
443 2662 480 2722 et
515 2651 661 2722 aliarum
692 2654 726 2722 id
761 2675 872 2745 genus
901 2653 1125 2734 societatum,
1153 2673 1222 2721 non

175 2779 396 2862 apponentur
413 2772 457 2840 ad
475 2769 588 2839 ullum
609 2769 763 2861 diploma
782 2768 835 2839 vel
854 2771 1022 2863 scriptum
1042 2770 1221 2861 quodcun-

175 2909 251 2977 que,
270 2888 336 2956 nisi
356 2909 504 2978 praesens
522 2887 577 2965 sit,
596 2898 658 2954 aut
676 2887 884 2971 consentiat,
903 2887 963 2977 qui
990 2887 1026 2955 in
1053 2887 1276 2969 societatem

175 3003 361 3094 praefectus
387 3012 442 3071 est
468 3001 606 3084 ceteris,
626 3009 662 3069 et
681 3001 745 3069 nisi
765 3024 844 3070 oum
863 2999 1029 3093 praefecto
1047 3002 1221 3095 conspiret

175 3120 283 3188 etiam
323 3119 434 3209 major
469 3140 547 3209 pars
577 3118 836 3201 carronicorum,
868 3115 923 3187 vel
954 3116 1141 3201 sociorum,
1168 3117 1219 3187 vel

175 3232 401 3327 collegarum,
421 3233 477 3303 vel
496 3234 572 3324 ejus
592 3233 832 3324 cujuscunque
849 3233 1099 3315 universitatis,
1117 3254 1220 3326 penes

176 3373 281 3441 quam
301 3373 343 3420 eo
362 3357 521 3442 tempore
544 3370 660 3418 rerum
682 3349 915 3441 gerendarum
939 3347 1137 3421 authoritas
1159 3358 1218 3420 est.

176 3466 256 3549 Qua
279 3468 314 3534 in
335 3468 447 3558 requi
467 3489 566 3536 secus
588 3467 746 3545 fecerint,
765 3476 828 3535 aut
851 3466 924 3535 fieri
950 3467 1218 3557 procuraverint,

175 3582 301 3653 acerbe
316 3584 478 3673 judicum
497 3583 812 3652 ecclesiastieorum
830 3581 1003 3651 arbitratu
1021 3583 1218 3674 puniantur,

175 3708 212 3768 et
238 3698 473 3767 instrumenta
498 3698 554 3767 vel
581 3697 775 3789 diplomata
798 3697 853 3768 vel
881 3699 1011 3789 scripta
1035 3699 1219 3788 cujuscun-

175 3832 243 3900 que
273 3812 411 3903 generis
441 3833 541 3880 secus
570 3813 754 3906 obsignata
782 3836 886 3905 quam
919 3814 1155 3906 praecepimus,
1180 3822 1219 3882 ut

175 3925 262 3997 salsa
286 3928 456 3997 removeri
476 3927 648 4010 volumno,
667 3938 704 4000 et
722 3953 784 4022 pro
806 3928 911 3999 nullis
935 3929 1068 3999 haberi.
1119 3929 1172 3999 Iit
1192 3931 1217 4000 si

175 4040 266 4109 forte
293 4041 431 4133 pevilla
449 4043 635 4134 quicquam
655 4044 773 4113 damni
801 4043 908 4112 fuerit
934 4044 1142 4134 cujusquam
1168 4066 1219 4113 re-

176 4155 241 4225 bus
259 4156 407 4238 illatum,
426 4180 488 4249 pro
506 4157 567 4226 illo
586 4158 689 4250 plone
707 4159 853 4230 satisfiet
871 4159 915 4228 ab
933 4160 985 4242 iis,
1004 4160 1064 4251 qui
1083 4159 1137 4229 vel
1156 4158 1218 4250 ipsi

381 4299 387 4336 ¹
403 4306 490 4371 ponat
505 4298 580 4371 qnod
594 4298 631 4354 in.
763 4376 766 4381 Ι
869 4297 1016 4373 ²oportet.
