2692 4800
250 723 323 796 DE
349 724 574 798 JUDICIIS
600 726 809 800 CONTRA
839 727 1092 799 HAERESES.

218 1109 298 1196 Cap.
317 1131 346 1177 1.
369 1109 433 1176 Sul
446 1110 555 1197 quida-5
562 1111 721 1197 jndicibus
736 1120 935 1198 connectatur
948 1112 988 1176 de
1001 1112 1121 1176 derasi.

183 1231 369 1303 ludicium
387 1234 432 1306 de
450 1234 643 1306 haeresibus
660 1236 870 1306 informatur
886 1244 1038 1327 quatuor
1056 1235 1198 1303 rationi-

149 1349 223 1432 bus,
239 1349 483 1442 inquisitione,
501 1350 558 1421 vel
578 1353 814 1434 accusatione,
833 1350 889 1422 vel
907 1351 1112 1444 evangelica
1137 1351 1198 1422 de-

148 1466 385 1550 nunciatione,
403 1466 459 1538 vel
476 1470 699 1562 exceptione.
751 1469 788 1538 Is
804 1468 866 1561 qui
883 1466 940 1539 vel
962 1467 1196 1548 accusatione,

147 1584 203 1652 vel
234 1583 472 1674 inquisitione,
499 1585 555 1654 vel
581 1585 786 1678 evangelica
815 1584 1089 1655 denunciatione
1116 1604 1197 1652 reus

147 1699 196 1782 fit,
215 1699 311 1791 qnod
336 1699 492 1793 aliquam
509 1701 681 1787 haeresim,
701 1710 764 1772 eut
788 1699 1024 1784 affirmaverit,
1049 1709 1113 1771 aut
1136 1701 1197 1770 de-

146 1815 309 1899 fenderit,
328 1824 392 1887 aut
414 1816 620 1910 praedicarit,
638 1827 701 1889 aut
718 1817 889 1899 docuerit,
900 1840 1016 1889 coram
1031 1817 1196 1910 episcopo

146 1930 203 2003 vel
229 1932 492 2026 archiepiscopo
517 1956 658 2005 causam
677 1934 782 2005 dicet.
836 1932 907 2017 Qui
926 1957 1009 2004 vero
1033 1933 1100 2004 loci
1125 1934 1194 2025 pri-

146 2047 318 2144 vilegium
334 2047 480 2134 habent,
498 2059 536 2120 et
560 2051 719 2143 exempti
736 2050 914 2133 dicuntur,
931 2051 1023 2143 apud
1042 2049 1121 2120 illos
1138 2048 1195 2121 vel

145 2167 332 2259 episcopos
365 2165 423 2237 vel
456 2166 738 2258 archiepiscopos
771 2188 913 2237 causam
949 2164 1069 2236 dicent
1103 2167 1196 2236 intra

145 2304 297 2374 quorum
319 2281 487 2354 dioeceees
510 2281 652 2353 illorum
679 2282 839 2375 exempti
866 2281 933 2353 loci
959 2283 1194 2354 constiterint.

145 2397 353 2492 Appellatio
388 2408 507 2470 tamen
542 2421 603 2468 reo
630 2399 850 2477 conceditur,
881 2396 925 2468 ab
952 2399 1116 2491 episcopo
1149 2401 1193 2470 ad

144 2513 458 2607 archiepiscopum,
488 2523 527 2585 et
568 2515 613 2585 ab
647 2513 911 2608 archiepiscopo
949 2524 1106 2586 nostram
1147 2515 1193 2586 ad

145 2628 302 2724 regnlem
320 2651 516 2722 personam.

289 2858 368 2944 Gap.
385 2877 414 2922 2.
436 2859 551 2924 Modus
559 2859 750 2944 procedendi
764 2870 870 2925 contra
884 2859 1049 2924 hereticos.

196 2981 359 3052 Primum
382 2992 503 3053 autem
523 2983 656 3053 crimen
682 2982 826 3055 haeresis
843 2982 982 3075 quoties
999 3004 1063 3074 per
1078 2982 1194 3074 inqui·

144 3098 310 3170 sitionem
341 3097 551 3181 intentatur,
578 3100 652 3170 sive
683 3099 776 3169 fama
806 3098 910 3193 plene
939 3107 1063 3170 contra
1092 3120 1193 3167 reum

144 3215 374 3310 comprobata
398 3215 516 3297 fuerit,
534 3215 608 3286 sive
631 3238 711 3285 reus
734 3215 771 3284 in
793 3237 837 3285 eo
861 3213 995 3285 nnllam
1013 3213 1195 3306 exceptio·

144 3353 227 3402 nem
258 3331 473 3423 opposuerit,
503 3340 820 3423 quantuncumque
854 3341 977 3424 postea
1011 3332 1193 3425 negaverit

142 3445 223 3517 illos
239 3445 285 3517 ad
303 3468 341 3516 se
357 3446 526 3518 articulos
544 3447 730 3539 pertinere,
750 3454 870 3516 tamen
887 3445 955 3516 nisi
972 3446 1193 3539 fidejussores

143 3562 291 3633 idoneos
315 3562 493 3645 exhibeat,
512 3563 607 3654 qnod
628 3563 701 3655 juri
725 3574 818 3634 stare
841 3563 937 3644 velit,
955 3565 1129 3657 tantisper
1153 3565 1192 3635 in

142 3698 284 3747 carcere
313 3686 433 3768 potest
466 3677 704 3772 abepiscopo
733 3679 896 3763 detineri,
927 3681 1041 3752 donec
1075 3680 1118 3751 lis
1146 3682 1192 3753 ad

143 3789 252 3859 linem
272 3791 483 3882 pervenerit.
537 3791 574 3863 Si
594 3815 678 3864 vero
701 3793 746 3863 de
771 3816 888 3865 errore
914 3795 1135 3878 confiteatur,
1154 3803 1193 3866 et

144 3903 240 3975 dicat
264 3927 303 3976 se
327 3905 373 3976 ab
396 3929 439 3977 eo
464 3917 624 4000 paratum
651 3892 728 3980 esse
753 3910 934 3994 decedere,
958 3912 1192 3982 dimittendus

144 4019 235 4102 erit3
262 4019 329 4090 hac
356 4029 475 4092 tamen
502 4023 663 4095 adhibita
690 4025 865 4108 cautione,
893 4034 936 4095 ut
965 4028 993 4096 si
1020 4025 1191 4118 quesnel

143 4155 306 4206 sermone
332 4136 389 4207 vel
415 4136 577 4207 doctrina
598 4136 796 4218 offenderit,
814 4147 876 4208 aut
899 4139 1102 4231 corruperit,
1120 4136 1191 4209 illis

143 4252 308 4324 ordinarii
342 4254 517 4325 arbitratu
552 4255 754 4338 satisfaciat,
791 4278 836 4325 ne
870 4256 1035 4348 contagio
1074 4265 1190 4348 serpat
