2692 4800
535 825 614 897 DE
650 824 810 896 FIDE.

396 1023 473 1109 Gap.
489 1043 517 1086 1.
539 1021 660 1106 Dofldc
675 1022 950 1088 irutmnwraomnr.

208 1159 250 1227 Iu
285 1160 534 1251 persequendis
566 1158 689 1228 litibus
723 1160 873 1229 eandem
907 1159 981 1228 vim
1015 1158 1179 1231 obtineant

146 1274 232 1345 fides
251 1274 565 1345 instrumentorum
584 1282 621 1344 et
639 1274 878 1366 depositiones
896 1278 1057 1348 testium.

423 1480 540 1566 Ospa.
565 1481 771 1561 Instrumenta
779 1480 919 1567 publica.

204 1628 528 1699 instrumentorum
558 1627 627 1698 alia
657 1637 739 1698 sunt
768 1629 921 1720 publica,
952 1631 1023 1700 alia
1053 1632 1181 1723 privata

146 1745 304 1828 Publica,
322 1767 400 1836 quae
417 1768 439 1814 a
455 1746 592 1814 notario
610 1755 730 1815 nostra
746 1746 964 1816 authoritate
981 1756 1100 1818 creato
1114 1770 1181 1819 cum

145 1860 402 1953 subscriptione
425 1861 572 1931 testium
595 1861 710 1931 fiunt:
747 1884 825 1954 qua
848 1872 971 1934 autem
995 1866 1114 1947 nostri,
1132 1864 1182 1934 ah·

146 1979 290 2070 cujusve
319 1977 583 2069 archiepiscopi,
615 1979 779 2070 episcopi,
811 1977 1048 2051 archidiaconi
1079 1982 1181 2073 ejusve

145 2092 384 2175 commissarii,
409 2115 471 2162 seu
498 2092 664 2174 officialis,
686 2102 749 2163 aut
774 2094 919 2165 alterius
945 2096 1179 2188 cujuscunque,

144 2209 327 2302 publicum
351 2208 508 2301 gematis
532 2207 699 2292 officium,
718 2208 822 2302 sigilli
846 2212 1062 2303 appensione
1083 2210 1179 2281 muni·

145 2336 263 2407 untur,
281 2324 488 2395 authentica
505 2334 601 2395 recte
619 2335 878 2418 nuncupentur.

417 2531 494 2617 Gap.
505 2553 535 2617 3.
559 2534 770 2597 [aeramenta
777 2534 920 2618 priuato.

194 2682 335 2772 Scripta
366 2681 501 2771 privata
532 2680 690 2762 dicimus,
717 2704 794 2771 qua
820 2705 841 2751 a
867 2683 1013 2773 privatis
1042 2684 1181 2775 personis

144 2798 390 2881 conficiuntur,
419 2820 484 2866 nec
512 2796 629 2887 aliquo
656 2797 798 2888 publico
822 2821 884 2868 scu
914 2800 1121 2869 authentico
1146 2801 1181 2868 si·

144 2912 229 3005 gillo
266 2913 547 3003 condimentum
591 2936 672 3003 qnae
702 2914 766 2982 nisi
801 2937 846 2982 cx
881 2913 1024 2984 archivo
1055 2916 1182 3008 publico

144 3054 284 3100 eausam
312 3030 346 3098 in
372 3052 409 3099 se
436 3027 710 3120 complectentia
737 3030 968 3121 proferantur,
995 3031 1051 3101 rel
1076 3032 1182 3103 aliter¹

143 3149 290 3238 probata
309 3147 451 3227 fuerint,
469 3145 575 3214 tidem
595 3145 710 3215 facere
728 3147 901 3216 uolumus.

209 3374 284 3456 Cap.
296 3395 325 3453 4.
350 3372 486 3436 Privata
500 3369 615 3455 scripta
631 3392 689 3433 nea
705 3370 816 3447 calciat,
830 3372 892 3435 cisi
905 3373 999 3435 tria-an
1015 3374 1133 3437 testium

473 3472 870 3559 secdaerapuioacJirureutu-r.

194 3612 336 3682 Privata
360 3613 499 3704 scripta,
519 3613 646 3703 quibus
671 3615 764 3683 iuter
778 3614 912 3705 aliquas
931 3638 1097 3706 personas
1115 3641 1189 3686 eou-

143 3728 306 3813 trahitur,
328 3740 406 3798 tnm
433 3731 469 3797 iu
493 3730 628 3820 judicio
656 3730 771 3800 valida
800 3740 916 3811 sunto,
939 3742 977 3800 et
1003 3733 1110 3803 robur
1135 3733 1190 3803 ha·

143 3846 261 3928 bento,
287 3846 314 3915 si
339 3846 446 3914 trium
475 3846 621 3916 testium
650 3847 904 3939 subscriptione
932 3850 1127 3933 firmentur,
1151 3874 1191 3920 ne

141 3984 268 4033 suanus
306 3963 538 4055 arnbiguitate
577 3973 684 4055 atque
722 3964 965 4034 characterum
1005 3966 1192 4038 collatione

143 4104 224 4150 eum
251 4081 432 4170 utriusque
457 4081 565 4171 partis
592 4081 747 4171 periculo
775 4083 820 4151 sit
845 4082 1088 4167 laborandum,
1108 4109 1193 4155 rrere

144 4199 274 4289 perfide
292 4196 442 4289 negandi
462 4219 537 4286 qnae
555 4206 635 4265 aeta
653 4208 743 4278 sirint,
765 4198 868 4267 detur
887 4201 1032 4268 (arrasia.

627 4336 633 4374 ¹
651 4336 705 4392 alii.
