2692 4800
134 288 207 363 27ss
487 300 535 349 os
560 296 828 350 nimmorunus.

283 557 286 562 ’
370 550 447 635 Cap.
459 569 508 636 19.
531 548 652 614 Dilotio
665 549 710 613 od
723 547 942 613 oomelondcm

184 687 308 759 Potest
333 710 354 757 a
379 688 551 780 principio
577 686 700 757 dilatio
725 687 800 779 peti
821 685 867 756 ad
893 685 973 757 illos
998 685 1184 758 consulen-

132 806 206 888 doa
237 826 387 896 quorum
414 802 600 873 consilium
630 802 787 872 arduitas
816 825 929 873 causae
959 802 1120 894 requirit,
1146 810 1184 872 et

132 944 220 1014 quos
242 919 360 1012 aliqua
386 941 431 989 cx
458 928 557 1011 parte
584 919 767 1011 negotium
793 919 919 1013 tangit,
936 927 980 987 ut
1002 916 1050 988 ab
1075 916 1186 1004 aisis

131 1039 191 1129 qui
227 1037 356 1106 citatus
390 1044 455 1117 est,
489 1034 710 1106 informetur.
776 1032 815 1104 si
848 1033 1031 1126 pendente
1069 1054 1185 1119 causa,

131 1173 237 1244 super
278 1151 444 1242 quopiam
489 1161 695 1245 emergente
741 1151 933 1243 positiones
980 1149 1186 1234 offerantur,

131 1267 255 1338 dandae
278 1276 361 1337 sunt
385 1266 537 1338 induciae
562 1267 790 1359 procuratori,
807 1276 849 1336 ut
872 1265 1058 1335 dominnm
1081 1287 1187 1336 suum

132 1383 316 1456 consulere
352 1385 470 1476 possit,
497 1385 524 1454 si
556 1383 628 1454 tale
657 1384 704 1453 sit
732 1404 926 1476 emergens,
954 1391 997 1452 ut
1022 1383 1188 1477 probabi·

85 1523 94 1540 ·
135 1499 216 1571 liter
243 1498 331 1569 nihil
358 1499 403 1569 ab
432 1500 534 1569 initio
561 1500 605 1568 de
631 1500 699 1569 hoo
725 1499 814 1569 scire
838 1498 995 1591 potuerit
1020 1499 1188 1570 dominus

133 1615 362 1685 constituens.
413 1614 508 1683 Nam
535 1615 564 1683 si
590 1613 635 1684 ab
661 1614 762 1684 initio
787 1614 972 1707 praevidcri
997 1615 1187 1707 potuisset,

134 1739 173 1800 et
195 1753 217 1799 a
238 1751 343 1800 causa
368 1727 551 1821 principali
577 1730 797 1823 perspicuam
823 1730 1100 1823 dependentium
1126 1731 1189 1802 ha·

136 1845 245 1928 beret,
272 1854 412 1938 tempus
438 1845 481 1928 ei,
504 1853 545 1915 ut
571 1845 755 1916 dominum
782 1869 885 1917 suum
916 1846 1090 1932 consulat,
1113 1870 1187 1919 non

134 1960 286 2031 dabitur.
349 1961 414 2031 Est
447 1962 543 2032 enirn
579 1963 673 2054 quod
711 1963 875 2035 dominus
916 1963 982 2036 sibi
1016 1966 1187 2058 imputet,

133 2099 242 2168 quare
264 2078 310 2148 ab
332 2079 445 2161 initio,
463 2089 505 2148 ut
522 2079 655 2162 debuit,
674 2090 935 2179 procuratorem
954 2103 1059 2151 suum
1080 2080 1188 2175 plene

116 2216 203 2281 ‚non
222 2194 439 2264 instruxerit.

407 2402 549 2489 Capro·
575 2402 688 2465 occeio
695 2403 911 2488 pomptorio.

184 2546 353 2617 Citationi
380 2549 623 2640 peremptoriae
649 2549 753 2619 nimis
777 2549 893 2620 brevis
917 2552 1091 2622 terminus
1114 2577 1189 2624 non

133 2665 303 2758 affigatur,
322 2666 388 2735 nisi
415 2666 571 2734 maxima
593 2666 782 2735 necessitas
805 2666 841 2734 id
864 2677 1040 2760 suggerat.
1085 2667 1191 2741 Alio·

134 2782 194 2872 qui
213 2783 302 2873 parti
321 2783 370 2852 sic
389 2792 522 2852 vocatae
540 2781 663 2852 licebit
680 2781 869 2874 appellare.

222 2989 297 3073 Cep.
313 3009 363 3052 21.
389 2991 522 3071 Propter
536 2987 664 3071 injustas
678 2988 838 3051 dilationes
852 2987 919 3051 licet
933 2988 1101 3073 appcldzrc.

185 3123 224 3194 Si
248 3125 361 3215 judex
392 3123 524 3216 absque
551 3146 656 3194 causa
686 3134 722 3194 et
750 3125 880 3217 injuste
910 3123 1100 3199 dilationes
1131 3127 1187 3197 vel

135 3239 321 3309 contrahat
339 3239 395 3308 vel
413 3239 571 3332 ampliet,
589 3241 633 3310 ab
652 3262 695 3309 eo
713 3239 796 3310 licet
813 3239 1001 3334 appellare.

467 3447 543 3531 Oap.
558 3466 607 3510 22.
634 3448 747 3512 ditatio
762 3457 857 3511 terreo.

187 3585 366 3655 Citatoriae
393 3586 578 3656 dilationes
604 3596 666 3658 aut
692 3598 796 3658 sunto
823 3598 904 3670 tres,
926 3597 989 3658 aut
1015 3612 1088 3660 una
1112 3600 1187 3660 esto

136 3703 373 3793 peremptorie
397 3702 572 3793 inscripta,
592 3704 653 3772 sed
677 3728 754 3795 quae
777 3706 929 3796 spatium
957 3706 1128 3797 temporis
1151 3706 1186 3775 id

11 3807 17 3816 ’
137 3817 319 3896 concedat,
349 3818 443 3907 quod
474 3811 743 3909 tribusaeqnari
775 3829 812 3890 et
842 3843 1035 3914 congruere
1067 3822 1185 3914 possit.

138 3929 271 4000 Praeter
299 3933 496 4002 citatorium
523 3933 673 4025 primam
699 3943 737 4002 et
762 3935 952 4005 secundam
980 3935 1184 4008 dilationem

137 4047 213 4117 aliae
244 4055 349 4117 sunto
379 4049 636 4141 peremptorias,
667 4047 752 4119 licet
779 4051 924 4122 fortasse
953 4075 1024 4122 non
1055 4054 1105 4123 sic
1135 4054 1183 4122 in·

138 4162 345 4231 scribantur.
