2692 4800
141 274 216 352 276
501 293 550 342 ne
574 287 841 341 nnanomna
1184 284 1212 335 c.
1226 284 1244 331 n

139 455 169 522 si
203 472 323 522 oneum
359 450 470 540 posit
503 447 661 541 probare,
688 444 824 514 nnllam
857 464 936 514 esee
969 443 1003 513 ei
1039 439 1187 534 amplius

140 567 294 638 dandam
312 564 518 635 dilationem
536 563 709 633 rolnmns.

197 790 277 875 Cap.
295 809 344 853 11.
375 788 527 864 bihaita,
548 789 578 851 ai
599 789 633 850 io
652 787 796 851 σι’ωέίωιο
816 785 979 863 iuuatur,
1001 783 1136 848 meludit

428 889 663 954 dimo-md
673 887 911 953 dditemadan.

188 1033 283 1104 Cnm
311 1034 350 1102 in
376 1032 519 1102 citando
549 1030 754 1123 exemplum
780 1027 891 1098 libelli
921 1050 985 1098 reo
1010 1027 1188 1097 transmit-

140 1152 240 1230 titur,
276 1158 492 1239 vocaturque
525 1148 570 1217 ad
608 1144 902 1238 respondendnm,
937 1143 1190 1214 deliberatorio

141 1264 330 1335 dilationes
352 1265 387 1335 ei
412 1286 485 1333 non
507 1262 696 1343 dabuntur,
713 1261 819 1331 modo
843 1260 967 1330 citatio
993 1282 1135 1351 aequum
1155 1267 1191 1328 et

143 1382 330 1451 decentem
365 1380 546 1450 contineat
581 1379 800 1458 terminum;
841 1376 974 1469 alioqui
1008 1375 1191 1446 dilationes

143 1496 188 1566 ad
210 1494 480 1565 deliberandum
507 1493 665 1565 habebit.

201 1720 347 1804 Capra.
370 1720 415 1783 In
428 1739 533 1783 aomo
545 1717 634 1781 initio
648 1739 706 1781 aaa
719 1715 847 1781 deditur
858 1717 958 1780 actori
971 1725 1089 1803 tampsi
1102 1713 1145 1780 ad

553 1818 793 1884 deliberandam.

196 1955 462 2028 Deliberatoriae
479 1957 668 2029 dilationes
684 1959 729 2029 ab
746 1960 847 2030 initio
868 1981 981 2028 eausae
998 1958 1111 2028 actori
1128 1977 1194 2024 non

143 2073 411 2156 coneedentnr1,
434 2075 673 2164 (existimatur
699 2077 794 2146 enim
818 2076 938 2146 venire
964 2075 1194 2163 instructum)

143 2200 304 2261 attamen
330 2193 359 2261 si
385 2214 467 2261 reus
492 2192 658 2285 excipiat,
676 2190 732 2262 vel
758 2191 859 2262 illum
884 2192 1127 2274 reconveniat,
1147 2188 1196 2258 di·

144 2304 313 2377 lationem
331 2306 486 2398 aliquam
504 2307 549 2376 ad
567 2307 833 2378 deliberandum
845 2309 928 2400 jure
944 2306 1102 2376 habebit.

232 2527 310 2613 Cap.
330 2549 338 2590 ι
344 2550 375 2614 3.
401 2529 538 2593 Mutatio
552 2529 648 2594 tiballi
660 2553 719 2595 oola
733 2553 848 2617 seraper
861 2531 991 2617 rapuit-it
1004 2553 1114 2596 novam

425 2633 600 2697 diditionem
616 2633 661 2697 od
677 2634 925 2717 respondendam.
1044 2676 1047 2680 -

197 2771 235 2842 Si
268 2770 409 2840 libellus
438 2782 598 2841 mutatur
623 2772 659 2841 in
685 2794 737 2855 eo,
759 2772 853 2863 quod
880 2794 951 2840 non
976 2771 1109 2842 alterat
1130 2773 1199 2863 pri·

147 2910 242 2956 mam
261 2888 481 2979 petitionem,
500 2911 570 2979 quo
594 2890 710 2957 minus
728 2887 772 2956 de
795 2911 837 2957 ea
853 2898 969 2958 certus
990 2910 1067 2958 esse
1091 2888 1198 2980 possit

147 3026 238 3084 rens,
266 3012 469 3073 nonerunt
495 3027 593 3074 novae
621 3004 807 3074 dilationes
835 3003 1090 3074 deliberatoriae
1117 3028 1200 3074 oon-

147 3118 328 3189 cedendae.
383 3119 584 3190 Nemeum
609 3119 713 3212 plene
739 3121 817 3212 quis
842 3121 960 3211 potuit
985 3121 1112 3190 instrui
1138 3144 1200 3213 per

147 3235 302 3327 primum
334 3235 506 3317 libellum,
537 3237 622 3307 licet
651 3236 783 3328 aliquid
814 3237 975 3319 addatur,
1001 3239 1098 3329 qnod
1129 3261 1199 3307 non

149 3359 265 3419 mutat
296 3363 458 3421 naturam
493 3354 637 3447 negotii,
671 3376 772 3423 novae
806 3376 876 3422 non
908 3363 1012 3423 emnt
1041 3355 1200 3445 imparti-

148 3466 246 3535 endae
266 3465 464 3537 dilationes.

409 3673 486 3760 Cap.
504 3696 550 3756 14.
575 3678 758 3762 Proroqotio
775 3677 941 3741 dilationis.

204 3811 328 3880 Plures
354 3810 550 3893 dilationes
569 3837 672 3904 quam
703 3813 798 3908 leges
826 3823 952 3884 nostrae
979 3816 1197 3906 permittunt,

154 3927 318 3996 nolumus
346 3926 450 3997 alieni
481 3929 578 3997 dari:
616 3941 734 4000 tamen
764 3932 985 4003 decernimus
1015 3954 1075 4001 eas
1102 3953 1198 4023 posse

154 4044 329 4137 prorogari
360 4067 405 4112 ex
440 4067 553 4125 eausa,
583 4057 619 4115 et
650 4047 717 4116 illae
749 4071 818 4118 non
849 4058 953 4117 erunt
983 4071 1086 4120 novae
1117 4046 1198 4116 dila·

154 4159 278 4237 tiones,
296 4159 356 4229 sed
382 4161 513 4250 priores
536 4174 746 4256 prorogatae.
803 4163 1005 4257 Prorogatio
1029 4165 1123 4235 enim
1141 4165 1196 4233 de-

569 4312 576 4350 ¹
593 4305 794 4362 conceduntur.
