2692 4800
163 267 234 342 176
448 287 496 336 nn
522 287 915 342 sxcounumcsrroran.
1201 292 1242 343 c]

158 449 315 520 stitutus.
367 447 459 518 Cum
484 459 605 520 autem
626 449 853 532 convaluerit,
871 453 900 523 si
918 455 1114 525 mutaverit
1130 476 1201 526 sen·

159 568 317 646 tentiam,
336 575 373 637 et
399 567 488 638 nolit
513 567 668 638 ecclesiae
693 568 914 661 disciplinam
941 571 1073 655 subire,
1090 592 1202 644 rursus

158 683 253 753 illius
270 685 305 752 in
323 685 728 755 excommunicationem
746 685 893 778 perfidia
909 685 1103 760 relabatur.

208 896 286 981 Gap.
301 912 351 982 15.
378 897 454 960 Cum
469 895 643 982 appellamur
656 895 695 961 ed
709 899 983 964 excommunicante
996 899 1154 986 quidfict.

207 1035 444 1106 Pronnnciata
473 1035 583 1105 semel
609 1030 987 1109 excommunicationis
1017 1039 1202 1123 sententis,

156 1175 226 1222 non
253 1160 372 1245 potest
389 1174 411 1221 a
427 1174 604 1244 quoquam
629 1153 695 1222 nisi
717 1153 763 1223 ab
786 1154 862 1246 ipso
887 1152 950 1225 illo
975 1154 1129 1227 authore
1154 1179 1204 1228 rs·

155 1267 278 1350 scindi,
298 1267 352 1337 vel
379 1268 454 1358 ejus
480 1267 641 1360 legitimo
665 1269 793 1339 vicario
806 1291 817 1353 ;
850 1269 918 1339 nisi
944 1291 1027 1342 reus
1052 1270 1205 1365 appella·

154 1385 261 1455 tionis
286 1405 371 1453 usus
396 1384 553 1453 remedio
574 1406 714 1454 causam
741 1386 957 1477 superiorem
977 1385 1023 1456 ad
1043 1387 1203 1480 judicem

154 1502 412 1571 transmoverit.
476 1500 568 1570 Tum
597 1509 719 1571 autem
749 1502 777 1571 si
804 1523 884 1572 reus
912 1499 969 1571 vel
1004 1502 1136 1595 injuria
1167 1527 1203 1576 sc

154 1616 249 1687 dicat
266 1617 624 1700 excommunicatum,
639 1617 696 1688 vel
712 1618 843 1709 injuste
859 1617 905 1688 ab
921 1616 1084 1703 ccclesia,
1097 1643 1201 1712 quam

154 1733 317 1802 omnibus
335 1732 458 1803 officiis
478 1732 637 1826 legitime
657 1734 896 1824 conquisierit,
912 1733 1044 1804 author
1061 1756 1203 1807 excom·

153 1852 402 1921 manicationis
426 1858 634 1932 accersatur,
652 1859 691 1920 et
710 1851 776 1920 nisi
794 1850 824 1920 is
841 1850 1046 1942 quindecim
1063 1851 1201 1922 dierum

153 1966 266 2056 spatio
289 1972 476 2056 postquam
494 1963 538 2032 ad
560 1984 701 2033 oausam
722 1961 908 2033 dicendam
931 1970 1103 2033 evocatus
1128 1963 1202 2033 ine

153 2082 209 2162 rit,
221 2089 343 2171 aperte
360 2079 469 2172 possit
482 2078 677 2160 ostendere,
692 2077 786 2170 quod
801 2087 899 2148 recte
911 2086 950 2149 et
959 2078 1062 2169 juste
1078 2087 1202 2150 contra

152 2219 251 2267 reum
271 2217 472 2288 processum
489 2195 608 2277 fucrit,
629 2194 704 2285 ejus
724 2194 819 2286 prior
835 2193 1015 2265 sententia
1029 2203 1200 2287 tanquam

151 2313 273 2404 iniqua
307 2311 495 2403 rejicietur,
524 2318 563 2380 et
596 2311 641 2380 ad
675 2309 824 2380 nihilum
857 2309 1003 2380 recidet
1061 2308 1199 2383 Verum

150 2424 280 2495 author
307 2425 684 2496 excommunicationis
711 2426 740 2496 si
767 2425 937 2517 superiori
956 2425 1073 2516 judici
1099 2448 1199 2498 snam

149 2542 362 2612 sententiam
386 2541 596 2633 probaverit,
615 2563 733 2610 rursus
753 2541 790 2610 in
811 2543 887 2632 ejus
912 2548 1093 2633 potestate
1119 2564 1199 2614 reus

149 2660 228 2742 erit,
247 2657 450 2751 pignoribus
475 2665 595 2727 tamen
621 2657 666 2728 ab
693 2657 754 2728 iilo
777 2657 919 2727 interim
942 2657 1196 2749 providebitur,

149 2785 191 2846 ut
221 2777 387 2867 impensae
417 2782 636 2865 praestentur,
667 2782 704 2844 et
731 2782 772 2843 ut
798 2773 961 2844 omnibus
986 2776 1048 2866 qui
1075 2775 1195 2847 violati

148 2893 292 2961 fuerunt
305 2902 367 2961 aut
378 2889 495 2960 affecti
510 2891 645 2981 injuria,
658 2889 859 2960 satisfaciat.
891 2889 962 2960 Sed
981 2889 1068 2960 dum
1085 2891 1195 2964 haeret

148 3009 184 3077 in
196 3007 332 3099 judicio
350 3006 423 3075 haec
440 3006 816 3078 excommunicationis
833 3028 947 3088 causa,
966 3028 1047 3077 reus
1069 3007 1195 3080 autbo-

148 3126 253 3194 ritate
270 3123 455 3215 superioris
469 3122 601 3212 judicis
619 3122 998 3193 excommunicationis
1020 3123 1193 3217 supplicio

146 3247 264 3331 potest
285 3240 405 3308 eximi.
458 3236 530 3308 Sed
553 3239 581 3308 si
603 3247 683 3330 post
699 3260 780 3308 reus
798 3236 898 3308 litem
917 3240 1085 3322 amiserit,
1103 3251 1143 3310 et
1158 3243 1194 3311 in

139 3356 275 3447 judicio
303 3354 538 3436 succubuerit,
565 3354 620 3423 rel
648 3355 722 3446 ipse
747 3353 811 3423 sibi
840 3353 973 3424 diffisus
997 3355 1193 3427 deseruerit

145 3471 431 3564 appeliationem,
450 3478 527 3539 tum
550 3478 613 3540 ant
636 3471 750 3562 spatio
768 3470 892 3564 viginti
915 3471 1052 3541 dierum
1076 3481 1192 3564 poste·

144 3589 271 3656 riorem
290 3586 553 3656 damnationem
568 3585 623 3655 vel
642 3585 800 3656 relictam
817 3585 1093 3679 appellationem
1110 3610 1191 3658 con·

144 3704 379 3795 sequentium,
406 3703 525 3771 omnia
558 3701 664 3771 faciat
697 3702 854 3795 perfecte
888 3709 926 3771 et
960 3701 1189 3784 abundanter,

143 3843 222 3913 quae
246 3819 414 3910 superiori
450 3819 627 3888 sententia
652 3841 818 3911 peragere
837 3819 957 3908 jussus
982 3826 1048 3901 est,
1074 3818 1188 3888 autsi

143 3937 321 4016 recusarit,
352 3955 470 4003 rursus
496 3933 531 4003 in
559 3933 635 4005 luto
662 3936 786 4027 prioris
816 3933 1188 4005 excommunicationis

143 4052 282 4121 haereat.
