2692 4800
508 290 557 341 ult
581 291 831 344 susrmsmrtu.

435 900 504 974 DE
531 899 899 975 SUSPENSIONE.

411 1122 489 1210 (lap.
505 1143 532 1189 ι.
554 1123 766 1207 Supersioais
779 1123 922 1188 caridus.

195 1260 376 1353 Principio
397 1282 511 1355 genus
530 1260 645 1353 ipsum
670 1260 905 1352 suspensionis
930 1259 975 1330 sd
1000 1270 1192 1352 utrumque

147 1380 304 1450 ordinem
341 1376 546 1469 pertinebit,
579 1377 856 1447 ecclesiasticum
897 1385 935 1446 et
973 1374 1191 1469 popularem,

147 1495 200 1566 rel
227 1495 284 1585 (ut
308 1516 365 1566 res
394 1495 511 1564 notior
536 1493 782 1564 communibus
808 1490 986 1562 vocabulis
1011 1513 1088 1563 esse
1113 1515 1192 1586 pos-

147 1611 204 1701 sit)
230 1611 276 1682 ad
302 1608 558 1682 ecclesiasticos
583 1617 622 1680 et
647 1608 766 1693 laicos,
788 1617 827 1678 et
852 1607 956 1701 hujus
981 1630 1092 1702 poenae
1117 1632 1192 1681 mo·

146 1728 336 1802 dotationis
361 1729 510 1801 varietas
535 1727 612 1810 erit,
635 1737 677 1799 ut
702 1726 890 1820 aliquando
915 1727 965 1797 rei
991 1749 1130 1820 prorsus
1155 1728 1192 1798 in

147 1843 331 1916 ecclesiam
355 1866 427 1916 non
453 1844 640 1925 introeant,
666 1844 733 1915 nisi
762 1842 855 1914 forte
887 1841 997 1914 velint
1026 1844 1070 1914 ad
1097 1865 1193 1914 com·

146 1962 375 2033 minationem
401 1960 675 2044 subauscultare,
701 1982 954 2053 nonuunquam
984 1969 1026 2031 ut
1054 1960 1191 2031 abusu

146 2084 444 2150 monumentorum
469 2078 709 2160 abarceantur,
738 2086 776 2148 et
802 2076 980 2146 interdum
1011 2076 1056 2147 ab
1080 2077 1193 2147 admi·

146 2193 353 2266 nistratione
369 2203 667 2264 sacramentorum
685 2191 930 2262 excludantur.
973 2191 1065 2261 Cum
1083 2191 1193 2285 igitur

146 2312 240 2383 varia
265 2319 349 2381 sunt
371 2311 606 2405 suspensionis
627 2333 769 2405 genera,
781 2309 895 2402 judex
920 2309 1131 2380 nominatim
1152 2317 1190 2379 et

145 2450 310 2522 expresse
332 2426 439 2509 dicet,
456 2450 537 2498 cum
564 2427 631 2499 hac
657 2449 760 2520 poena
784 2448 880 2496 ream
905 2447 1088 2518 personam
1116 2424 1188 2496 affi-

145 2543 204 2626 cit,
225 2565 334 2635 quam
362 2565 408 2614 ex
436 2543 478 2615 iis
502 2543 725 2636 potissimum
755 2540 842 2612 velit
867 2540 1031 2635 intelligi.
1085 2538 1190 2611 Nun·

145 2679 249 2750 quam
271 2666 391 2730 tamen
413 2680 436 2729 s
457 2658 619 2729 familiari
645 2659 829 2729 hominum
854 2656 1067 2727 commercio
1093 2665 1190 2727 arcet

145 2775 336 2866 suspensio.

342 2987 421 3074 Gap.
434 3007 464 3052 2.
491 2989 568 3060 Quae
582 3009 684 3053 causer
697 2997 767 3052 sunt
781 2987 992 3074 suspensionis

193 3133 350 3218 Quidam
374 3136 446 3206 suis
469 3136 564 3207 vitiis
589 3134 624 3205 in
650 3157 790 3228 poeuam
817 3134 1051 3228 suspensionis
1076 3134 1192 3204 incur·

144 3262 238 3330 runt,
264 3274 346 3321 cnm
377 3252 422 3322 ad
449 3253 576 3323 bonum
602 3253 739 3347 frugem
766 3253 894 3345 seipsi
925 3259 1102 3333 revocant,
1128 3263 1191 3322 aut

144 3368 326 3460 impositas
352 3369 417 3440 sibi
441 3371 628 3440 criminum
658 3390 780 3461 poeuas
810 3369 1016 3461 suscipiunt.
1069 3368 1100 3438 Ii
1130 3368 1192 3439 do-

144 3507 209 3555 nec
235 3508 377 3557 ornnem
401 3485 577 3578 explerint
601 3486 741 3578 integre
761 3485 893 3577 judicis
911 3485 1130 3557 voluntatem
1153 3494 1191 3556 et

143 3599 300 3670 ecclesiae
324 3600 570 3683 satisfecerint,
589 3601 616 3671 si
641 3602 777 3694 peccati
802 3600 1011 3693 magnitudo
1035 3598 1192 3670 satisfac·

145 3717 279 3786 tionem
304 3717 461 3809 requirit,
488 3718 525 3786 in
550 3717 618 3788 hoc
644 3716 816 3811 supplicio
842 3718 1060 3788 detinentur.
1112 3713 1193 3786 Ali·

143 3834 283 3925 quando
316 3834 511 3926 pertinacia
540 3834 596 3905 vel
631 3834 848 3929 negligentia
881 3855 1022 3906 reorum
1052 3833 1144 3903 hanc
1170 3854 1192 3901 a

144 3948 247 4019 rebus
277 3949 383 4021 sacris
413 3949 666 4044 relegationem
695 3951 769 4044 pati
800 3950 949 4044 cogitur,
975 3971 1057 4020 cum
1076 3948 1191 4040 judex

143 4063 178 4134 iu
214 4066 349 4136 minore
387 4065 517 4138 delicto
556 4066 692 4138 fulmen
732 4065 1108 4137 excommunicationis
1142 4065 1193 4133 vi-

145 4179 266 4251 brandi
284 4203 356 4252 non
373 4194 501 4276 portat,
520 4199 558 4254 et
576 4206 667 4277 saepe
684 4182 872 4277 contingit,
886 4193 927 4251 ut
943 4180 1028 4252 licet
1045 4180 1192 4251 crimina

143 4318 213 4366 uon
232 4309 378 4390 possunt
394 4301 469 4393 ipsa
486 4300 712 4394 deprehendi,
724 4309 845 4370 tamen
861 4299 1088 4392 suspiciones,
1107 4319 1193 4391 prte-

1202 896 1242 976 7⁶
