2692 4800
148 272 220 338 180
425 287 474 336 nu
491 285 887 338 sxcouuunrcamonn.

145 448 286 520 Christo
303 447 471 528 condidit,
486 456 524 518 et
540 448 584 517 ad
603 447 701 519 illam
718 457 891 540 perpetuo
908 445 1020 518 solam
1037 447 1195 521 adlroere-

144 574 294 646 scentes,
324 562 513 635 salutarem
540 564 616 655 ejus
646 572 684 634 et
713 563 905 656 propitium
933 562 1094 635 favorem
1124 586 1195 635 uuo

145 702 316 750 consensu
350 679 547 766 animorum
583 679 684 748 firme
719 688 757 748 et
794 679 929 750 sincere
962 679 1195 772 postulemus.

146 794 277 886 Neque
307 817 390 865 vero
421 794 539 864 lautus
573 795 687 865 estin
716 795 771 865 his
800 794 905 865 rebus
930 802 996 865 aut
1021 794 1195 866 delicatus

146 909 322 980 Dominus
339 919 377 981 et
396 909 504 980 Pater
527 919 647 981 noster
664 911 763 981 Dens
785 919 827 980 ut
849 910 894 980 ad
918 911 1194 982 misericordiam

145 1025 354 1096 eliciendam
371 1036 434 1095 aut
451 1026 747 1096 emendicandum
767 1025 921 1096 favorem
939 1047 1074 1118 pompa
1095 1025 1195 1098 nobis

145 1152 184 1215 et
207 1151 375 1234 apparatu
395 1141 583 1211 verborum
604 1165 692 1234 opus
715 1143 774 1212 sit.
824 1139 1000 1212 Animum
1017 1142 1118 1212 enim
1135 1163 1195 1212 ex·

145 1256 277 1349 pendit,
297 1256 404 1326 verba
420 1278 491 1325 non
509 1267 684 1327 numerat.
728 1255 768 1328 Si
786 1279 849 1326 nos
866 1256 1002 1326 intimis
1018 1256 1195 1327 mentium

144 1371 241 1442 fibris
264 1393 380 1442 veram
400 1383 438 1442 et
460 1371 605 1444 seriam¹
624 1374 912 1464 conquestionem
938 1371 1196 1464 deprompseri-

146 1509 234 1570 mus,
252 1509 293 1556 ac
319 1487 453 1580 optima
478 1488 548 1559 fide
574 1497 697 1558 contra
723 1489 918 1580 nequitiam
944 1495 1105 1557 nostram
1130 1486 1196 1579 ipsi

145 1605 417 1686 constiterimus,
435 1612 473 1674 et
499 1626 648 1675 cumea
673 1604 967 1684 dimicaverimus,
985 1611 1024 1673 et
1047 1603 1094 1672 ad
1120 1603 1197 1695 ejus

143 1720 294 1812 gratiam
329 1719 604 1813 recolligendam
642 1729 739 1790 certa
777 1742 839 1812 spe
871 1728 956 1789 vota
995 1718 1197 1800 fecerimus,

144 1844 269 1930 praesto
294 1836 415 1906 statim
442 1845 497 1908 est
519 1835 628 1918 Deus,
646 1837 755 1906 etiam
779 1845 970 1927 antequam
997 1834 1197 1916 invocetur,

145 1952 189 2023 ad
221 1951 407 2045 amplexus
432 1976 469 2023 se
496 1961 634 2022 nostros
664 1951 779 2036 offert,
805 1960 844 2020 et
869 1971 973 2020 voces
1001 1951 1199 2020 antevertit

144 2068 347 2159 priusquam
371 2067 447 2138 illas
473 2065 547 2138 ulla
572 2067 709 2136 ratione
734 2064 850 2135 moliri
876 2064 1062 2156 possimus.
1116 2063 1199 2137 Iuro

145 2207 229 2254 vero
246 2182 423 2255 salubrem
441 2183 531 2253 hanc
549 2193 587 2252 et
605 2182 834 2253 necessariam
852 2188 1080 2273 peccatorum
1097 2183 1200 2275 agni-

144 2301 278 2370 tionem
296 2300 567 2369 animisnostris
585 2299 751 2380 infundit,
769 2306 806 2368 et
823 2297 890 2368 hac
907 2295 1094 2390 disciplina
1112 2320 1199 2368 con·

145 2415 347 2485 docefactos
371 2416 445 2508 ipse
463 2415 535 2485 suis
559 2413 713 2483 humeris
736 2413 897 2505 imponit,
914 2412 1015 2483 etad
1032 2412 1198 2485 beatissi-

145 2552 244 2599 mum
263 2528 355 2601 ovile
380 2553 482 2600 suum
502 2528 658 2611 devehit,
676 2538 714 2598 et
739 2529 850 2623 magis
872 2528 1012 2598 exultat
1033 2529 1072 2598 in
1090 2529 1199 2601 unica

145 2668 293 2737 persona
322 2647 467 2715 tandem
502 2646 545 2715 ad
580 2644 768 2715 sanitatem
803 2653 975 2728 revocata,
1003 2668 1082 2736 quae
1113 2669 1198 2717 vera

144 2770 369 2851 peecatorum
394 2761 574 2853 agnitione
592 2769 630 2828 et
655 2781 794 2829 morum
813 2760 1063 2830 emendatione
1086 2783 1125 2831 se
1143 2785 1197 2831 re-

144 2878 373 2968 cuperaverit,
392 2899 498 2968 quam
524 2878 558 2946 in
577 2877 769 2970 nonaginta
791 2899 918 2946 novem
930 2876 1040 2967 justis
1060 2885 1099 2947 et
1116 2900 1197 2969 per-

146 2990 248 3060 fectis
277 2992 367 3071 viris,
394 3014 481 3083 quos
507 2993 602 3085 prius
628 2992 725 3083 regni
757 2992 809 3059 sui
840 2990 1027 3082 participes
1057 2991 1196 3062 habuit.

145 3104 234 3176 Haec
257 3108 366 3200 igitur
382 3130 463 3176 cum
489 3108 540 3177 ita
563 3108 643 3187 sint,
663 3107 787 3177 fratres
808 3105 1013 3188 charissimi,
1031 3115 1070 3176 et
1087 3106 1197 3178 collo·

144 3231 245 3291 catus
258 3221 326 3291 hoc
344 3232 503 3314 tempore
521 3223 567 3291 sit
586 3223 620 3290 in
635 3230 824 3313 conspectu
841 3230 957 3293 vestro
975 3243 1057 3292 reus
1075 3223 1195 3306 frater,

145 3338 205 3427 qui
224 3339 359 3428 peccati
382 3340 435 3407 sui
458 3339 715 3430 turpitudinem
734 3360 850 3408 coram
870 3337 967 3408 vobis
989 3360 1196 3431 agnoscere,

145 3474 355 3544 poenamque
377 3453 470 3523 illius
487 3477 508 3521 a
527 3453 680 3522 Domino
699 3453 779 3522 Deo
800 3455 980 3522 communi
1000 3452 1109 3524 Patre
1132 3479 1196 3526 no-

143 3577 217 3636 stro
241 3567 419 3659 deprecari
444 3567 529 3637 velit
547 3576 662 3637 vestra
685 3568 720 3636 in
744 3569 936 3660 praesentia,
955 3590 1062 3659 quarn
1080 3570 1195 3643 veluti

145 3682 398 3752 sanctissimam
418 3683 486 3754 Dei
512 3694 699 3753 veneratur
722 3693 760 3754 et
784 3693 965 3753 reveretur
983 3682 1195 3771 Ecclesiam,

144 3805 182 3867 et
206 3793 413 3887 suppliciter
434 3805 543 3889 petat,
562 3807 603 3866 nt
621 3797 686 3866 hac
707 3798 894 3869 summissa
917 3801 971 3869 sui
994 3800 1195 3890 deJectione

146 3914 237 3981 viam
256 3913 299 3982 ad
324 3921 456 3981 coetum
475 3923 631 3984 vestrum
650 3914 808 3983 invenire
826 3915 945 4005 possit,
963 3923 1002 3984 et
1018 3917 1064 3985 ad
1089 3940 1194 4012 supe-

145 4026 274 4095 riorem
298 4046 401 4093 suum
420 4027 512 4095 inter
531 4049 590 4095 vos
612 4028 742 4097 ordinis
765 4028 910 4098 fraterni
933 4028 1052 4100 locum
1071 4055 1193 4124 perve-

145 4140 231 4220 nire,
249 4138 456 4210 Christianae
484 4164 544 4211 vos
570 4163 616 4210 ex
642 4153 757 4213 vestra
784 4154 883 4236 purte
909 4151 1192 4220 mansuetndinis

597 4279 603 4310 ¹
621 4301 732 4340 saevam.
