2692 4800
506 318 555 369 nn
579 317 848 371 nnnmomnns.
1131 305 1202 371 281

298 566 373 652 op.
386 584 436 653 29.
461 567 628 633 cotom
642 570 792 654 mfiam
805 568 1051 654 recussus.

202 706 400 780 citationes
429 731 507 800 quoe
531 708 619 780 fiant
646 710 703 780 die
734 709 860 781 feriato
889 733 960 781 non
987 708 1131 793 valent3
1164 723 1201 783 et

152 847 232 895 cum
262 824 474 894 nominatim
502 824 597 894 diem
624 824 790 895 feriatum
818 826 1007 919 praefigunt
1034 825 1079 895 sd
1107 849 1203 897 conr·

151 941 357 1035 parendum,
374 949 457 1011 suut
483 942 688 1012 temerariae.
742 941 894 1012 Proinde
916 943 1003 1013 citet
1018 942 1133 1033 judex
1156 943 1199 1013 sd

151 1066 289 1128 certum
315 1057 421 1141 diem,
448 1063 486 1127 et
511 1056 662 1149 adjiciat,
689 1059 836 1150 quodsi
864 1058 938 1129 dies
963 1058 992 1130 is
1017 1057 1124 1129 fuerit
1150 1058 1201 1129 fe-

150 1175 271 1258 riatus,
288 1174 450 1267 proximo
466 1175 596 1245 venias.

403 1379 481 1467 (inp.
492 1401 545 1465 30.
568 1380 617 1445 Do
630 1401 724 1445 mesto
737 1389 765 1444 st
779 1379 941 1445 vindemio.

199 1519 269 1590 His
299 1520 396 1591 feriis
425 1542 502 1612 quae
530 1520 574 1590 ad
603 1519 788 1590 hominum
818 1519 1011 1590 utilitatem
1038 1528 1122 1591 sunt
1146 1523 1199 1593 in·

148 1637 293 1716 stitutae,
319 1644 361 1705 ut
393 1636 516 1705 messis
544 1644 581 1705 et
613 1636 879 1719 vindemiarum,
904 1644 1021 1728 portes
1046 1658 1109 1728 pro
1134 1659 1199 1709 suo

148 1751 294 1822 arbitrio
324 1752 531 1821 renunciare
560 1749 735 1843 possunt¹.
796 1750 902 1834 Quod
933 1752 962 1822 si
993 1752 1133 1835 faciunt,
1160 1764 1198 1825 et

148 1889 330 1962 processus
344 1867 525 1961 judicialis
542 1876 580 1937 et
597 1867 774 1938 sententia
795 1866 868 1940 late
885 1866 1027 1939 valebit.
1074 1867 1197 1940 Testes

147 1993 268 2054 temen
299 1981 464 2075 compelli
491 2005 562 2054 non
592 1991 748 2075 possunt,
775 1991 816 2054 ut
841 1982 896 2054 his
921 1983 1045 2055 diebus
1073 1985 1198 2057 testifi-

147 2108 283 2183 centur,
304 2100 332 2169 si
356 2097 481 2168 nolint.

196 2215 309 2287 Feriis
329 2214 513 2285 hominum
532 2236 636 2285 causa
657 2215 838 2299 institutis,
857 2239 925 2286 nou
948 2215 1060 2287 solum
1079 2226 1197 2310 portes

145 2334 350 2405 renunciare
381 2340 528 2424 queunt,
559 2332 620 2402 sed
656 2332 762 2403 certis
792 2333 836 2403 de
867 2334 979 2403 causis
1009 2334 1087 2428 cogi
1119 2357 1197 2427 pos-

146 2458 238 2531 sunt,
267 2460 308 2519 ut
340 2450 385 2519 sd
414 2449 589 2541 judicium
618 2450 786 2533 veniunt3
822 2458 863 2519 ut
896 2450 924 2519 si
954 2472 1009 2520 res
1036 2458 1196 2544 tempore

147 2567 192 2636 sit
221 2567 387 2658 perituro,
416 2588 481 2635 nec
514 2566 670 2656 potiatur
704 2588 849 2637 morum.
911 2564 971 2637 Ad
1001 2565 1090 2650 haec,
1118 2590 1196 2639 sen-

146 2684 270 2766 tentis,
297 2705 374 2775 quse
399 2690 483 2751 ente
508 2681 572 2752 hus
597 2681 701 2753 ferias
726 2682 799 2753 latu
824 2682 903 2765 fuit,
925 2703 988 2772 per
1013 2704 1071 2753 ess
1097 2706 1196 2754 man·

147 2798 221 2869 dsri
251 2807 370 2891 potest
399 2797 614 2880 executioni,
642 2806 678 2867 et
708 2799 829 2892 gravis
854 2799 890 2868 in
917 2796 1035 2868 Deum
1062 2797 1196 2870 scelera

146 2915 308 3010 cognosci
329 2923 477 3007 possunt
495 2923 532 2984 et
553 2914 680 3006 punin'.

451 3120 529 3206 Gap.
539 3140 557 3205 3
567 3142 590 3183 r.
616 3122 667 3185 De
680 3120 880 3206 miseriis.

194 3264 285 3335 Toto
309 3262 583 3355 quadragesimus
610 3270 780 3353 ternpore,
798 3269 935 3354 septem
963 3259 1086 3330 diebus
1112 3270 1193 3353 post

144 3379 407 3454 resurrectionis
433 3378 576 3460 festum,
602 3386 639 3448 et
669 3385 807 3468 septem
833 3376 958 3448 diebus
984 3386 1068 3446 ante
1093 3385 1194 3447 nata·

146 3498 216 3570 lom
242 3495 399 3575 Domini,
418 3495 602 3587 quiescunt
618 3492 763 3585 judicia.

603 3702 610 3741 ¹
626 3702 744 3776 possint.
