2692 4800
467 330 516 380 nn
541 330 782 383 monetarum
807 308 872 380 dre.

318 595 398 681 Gap.
410 617 440 680 9.
465 597 608 661 Pastum
622 596 750 661 ciaitorc
764 595 869 662 dalem
883 578 1022 681 afflictos.

193 726 361 799 Pastores
390 725 626 797 Ecclesiarum
656 727 801 811 debiles,
827 727 987 812 afflictos,
1013 738 1051 799 et
1081 751 1195 823 aegros

149 843 335 940 diligenter
358 844 512 926 visitent,
538 853 576 913 et
602 843 764 936 precibus
790 844 870 914 illos
895 868 936 914 ao
965 844 1194 916 solutionibus

148 970 318 1053 quantum
348 970 495 1054 possunt
522 961 557 1029 in
586 957 802 1030 difficillimis
828 959 968 1030 illorum
995 970 1033 1030 et
1058 963 1194 1054 pericu·

149 1077 325 1148 losissimis
343 1076 560 1167 temporibus
578 1069 788 1145 sustentent.

318 1277 396 1363 (lap.
410 1299 459 1341 10.
485 1277 635 1358 Quouwdo
649 1278 688 1342 ait
703 1279 737 1341 iu
751 1279 799 1341 lia
808 1280 1041 1363 procedendum.

179 1408 320 1479 Horum
341 1406 507 1479 formulas
521 1408 763 1477 universorum
778 1407 971 1479 officiorum
990 1408 1195 1480 inclusimus

149 1526 183 1595 in
208 1547 320 1596 unum
345 1523 486 1606 librum,
513 1523 574 1615 qui
600 1523 645 1593 de
667 1525 875 1596 ceremoniis
899 1526 1039 1618 proprie
1066 1536 1196 1599 tractat

151 1638 384 1710 Ecclesiamm
403 1649 611 1709 nostrarum.
664 1638 720 1708 Ex
744 1664 786 1710 eo
805 1640 968 1713 volumus
994 1666 1110 1713 rerum
1134 1645 1195 1715 ad-

150 1757 440 1827 ministrationem
460 1753 695 1849 singularum¹
714 1757 883 1850 depromi.

153 2336 216 2410 DE
244 2337 598 2410 IDOLOLATRIA
626 2340 687 2412 ΕΤ
718 2341 857 2413 ALIIS
885 2343 1193 2420 IlUJUSMODI

507 2478 833 2553 CRlMINIBUS.

296 2715 373 2801 Cap.
388 2735 414 2778 r.
439 2716 522 2785 Quoe,
532 2715 610 2779 ‘vitia
626 2715 754 2780 maudo
768 2717 831 2781 aiut
845 2717 879 2781 iu
894 2717 1044 2783 Ecclesia.

196 2847 411 2920 Deviteutur
444 2869 583 2940 prorsus
623 2857 660 2918 et
696 2852 982 2921 exterminentur
1019 2852 1194 2923 idolorum

147 2965 272 3047 cultus,
286 2963 600 3056 magiadivinatio,
615 2963 845 3058 sortilegium,
859 2975 896 3034 et
908 2967 1194 3058 superstitiones:

147 3080 273 3172 quibus
307 3102 345 3148 so
378 3076 583 3148 criminibus
613 3078 641 3147 si
673 3079 858 3169 quisquam
892 3078 1195 3165 contaminaverit,
1293 3074 1296 3079 ’

147 3195 316 3265 arbitratu
337 3194 499 3285 judicum
526 3192 840 3263 ecclesiasticorum
867 3215 988 3285 poenas
1014 3193 1087 3279 det,
1108 3215 1195 3286 quas

147 3313 173 3381 si
197 3310 444 3404 repudiaverit,
461 3310 622 3401 ejiciatur
646 3310 1023 3380 excommunicationis
1044 3309 1194 3381 fulmine

147 3452 191 3499 ex
216 3425 396 3510 Ecclesia3
427 3425 600 3517 aquibus
626 3435 667 3495 ut
693 3423 830 3496 facilius
856 3448 918 3495 nos
945 3426 1193 3510 abstineamus,

146 3544 285 3640 singula
301 3545 486 3637 separatim
502 3566 566 3636 per
582 3565 619 3612 se
635 3541 808 3613 collocata
825 3542 1043 3613 definiemus

384 3747 461 3832 Cap.
481 3765 510 3813 2.
538 3745 625 3816 Quid
637 3743 785 3809 &telorum
800 3742 897 3808 cultus
909 3743 959 3809 sia.

171 3874 401 3960 Idololatria²,
412 3877 588 3969 quomodo
600 3876 705 3970 vulgo
717 3873 1026 3967 loquimur,cultus
1038 3871 1195 3965 qnidam³

146 4007 198 4067 ost
227 3997 265 4065 in
296 4017 366 4086 quo
396 4016 466 4062 uon
496 3990 644 4063 Creator
673 3994 735 4063 sed
766 4002 926 4062 creatura
960 3990 1016 4061 vel
1043 3990 1194 4061 hominis

146 4111 287 4204 aliquod
305 4109 519 4194 inventum⁴,
537 4111 712 4180 adoratur.
1039 4095 1040 4099 ¹

185 4304 396 4385 ¹singularem.
488 4299 670 4363 ²idolotaria.
760 4304 908 4381 ³quidem.
1000 4300 1151 4357 ⁴iuventu.

659 4424 683 4472 D
