2640 4806
376 932 444 1003 DE
476 933 742 1005 GRADIBUS
774 933 832 1003 IN
864 931 1213 1006 MATRIMONIO
1257 954 1266 966 ·

639 1055 946 1128 PROIIIBITIS.

386 1292 465 1377 Cap.
481 1312 507 1354 1.
532 1291 621 1355 Inter·
628 1313 776 1377 personas
790 1312 850 1355 non
865 1290 1014 1376 lantiam
1026 1312 1086 1356 oon
1099 1286 1205 1358 diter

636 1395 862 1458 matrimonium
876 1414 948 1458 esse.

320 1517 496 1599 Quoniam
521 1518 787 1588 matrimonium
811 1528 866 1588 est
890 1518 1050 1612 legitima
1067 1517 1133 1588 viri
1150 1539 1234 1589 cum
1254 1517 1313 1589 fa·

269 1633 365 1703 mina
392 1633 605 1725 conjunctio,
630 1656 761 1727 magna
790 1634 908 1703 cautio
940 1632 1099 1704 adhiberi
1126 1633 1247 1717 dabat,
1271 1657 1313 1704 ne

269 1747 359 1818 tales
377 1771 533 1841 persona
556 1758 679 1819 contra
694 1751 756 1842 jus
777 1757 816 1818 et
832 1748 885 1819 fas
905 1750 949 1819 ad
969 1750 1111 1841 nuptias
1133 1750 1314 1832 accedant,

267 1875 305 1935 et
335 1887 455 1936 earum
487 1865 627 1936 vinculo
656 1864 877 1959 colligentur,
905 1865 1026 1959 quales
1059 1864 1188 1937 divina
1222 1865 1315 1962 leges

266 1982 311 2051 ad
335 1980 534 2073 hujusmodi
561 1978 758 2052 convictus¹
781 1982 988 2052 societatem
1009 1983 1153 2052 admitti
1178 1982 1316 2055 nolunt

269 2098 366 2168 Nam
383 2098 419 2167 id
437 2098 464 2168 si
484 2096 734 2192 contingeret²‚
749 2121 897 2193 regnum
914 2107 1126 2170 nostramet
1139 2096 1317 2173 Ecclesias

267 2215 303 2284 in
327 2214 387 2283 iilo
411 2214 597 2306 dispositas
619 2215 774 2285 incestus
798 2213 1067 2296 contaminaret,
1085 2213 1217 2287 deinde
1239 2239 1317 2309 pcr-

266 2352 368 2401 sonas
386 2332 476 2423 ipsas
496 2331 637 2402 nefariis
660 2318 903 2424 congressibus
927 2330 1154 2423 turpificatas,
1172 2354 1317 2403 necesoe

266 2457 359 2517 asset
376 2447 411 2518 iu
430 2447 498 2518 Dei
517 2470 695 2518 summum
713 2447 833 2517 odium
853 2448 1040 2518 incurrere.

409 2668 486 2753 Cap.
505 2686 533 2732 2.
554 2670 807 2756 Oonsoaguinitas
821 2680 849 2734 ct
862 2669 1000 2755 affinitas
1013 2670 1092 2757 qaid
1102 2670 1173 2735 sint.

316 2797 537 2892 Multiplices
565 2801 879 2894 consanguinitatis
909 2810 947 2871 et
976 2801 1159 2875 affinitatis
1182 2804 1317 2898 gradm

264 2925 356 2997 sunt,
375 2917 409 2986 in
434 2917 562 3009 quibus
589 2917 854 2986 matrimonium
879 2919 1070 2989 consistere
1092 2941 1164 2988 non
1182 2928 1317 3011 potest.

265 3031 424 3102 Pu‘nrum
447 3042 566 3103 autem
587 3041 627 3102 ut
644 3033 720 3124 ipsa
742 3034 859 3124 capita
882 3043 1153 3127 cognoscantur,
1167 3056 1317 3105 consan-

260 3149 415 3241 guinitas
444 3150 481 3217 in
511 3147 579 3218 illis
611 3147 832 3240 intelligatur
861 3150 920 3240 qui
954 3149 1144 3242 majoribus
1176 3151 1315 3221 eisdem

262 3267 433 3357 procreati
452 3274 546 3346 sunt,
564 3265 692 3356 quibus
710 3287 773 3334 nos
788 3267 947 3359 generati
966 3288 1096 3347 sumus,
1111 3264 1168 3334 vel
1185 3288 1317 3360 propa·

260 3382 404 3475 gatioue
434 3382 546 3451 carnis
576 3391 614 3450 et
643 3382 821 3474 sanguinis
847 3405 869 3452 a
895 3380 1015 3452 nobis³
1040 3381 1315 3456 descenderunt.

261 3497 428 3569 Affinitas
451 3521 534 3568 vero
561 3519 623 3590 per
648 3498 932 3590 conjunctionem
959 3500 1066 3570 maris
1090 3508 1129 3569 et
1154 3499 1316 3574 foeminae

261 3614 464 3706 ingreditur.
517 3612 610 3683 Haec
629 3624 750 3683 autem
768 3615 839 3684 duo
856 3615 974 3707 capita
993 3616 1315 3710 consanguinitatis

260 3737 298 3798 et
323 3728 504 3799 affinitatis
530 3730 579 3800 sic
604 3738 808 3822 comparata
830 3740 923 3811 suut,
942 3740 982 3798 ut
1006 3731 1160 3822 primum
1183 3732 1315 3805 divinar

261 3844 365 3938 teges,
380 3845 507 3916 deinde
521 3844 641 3915 civiles
658 3842 791 3916 cart0s⁴
805 3846 841 3915 in
855 3855 1006 3938 utroque
1021 3869 1153 3939 genere
1168 3850 1313 3943 gradus,

236 3984 240 3993 ·
259 3962 470 4042 annotariut,
491 3962 524 4030 in
543 3984 631 4053 quos
654 3961 918 4031 matrimonium
936 3963 1068 4033 intrare
1084 3962 1313 4036 nullomodo

259 4077 376 4147 debet.

301 4216 542 4291 lconjunctionis.
594 4220 608 4260 ²
621 4216 781 4291 contigerit.
836 4210 975 4274 ³anobis
989 4237 1040 4275 om.
1093 4215 1281 4279 ⁴certosorn.
