2692 4800
148 257 221 330 156
416 275 465 326 nn
490 274 604 327 cuuis
628 273 920 327 nocnrsrsencn.
1212 279 1240 332 c.

313 1010 382 1083 DE
408 1009 579 1083 1²OEle
602 1009 1020 1087 ECCLESIASTICIS.

367 1230 980 1318 crp.1.1³oeaamt2oparoudotc

196 1368 375 1454 Quoniam
392 1390 498 1462 poem
518 1368 634 1462 cnlpae
657 1392 721 1462 par
739 1392 816 1443 me
833 1371 951 1455 debet,
967 1370 1200 1443 ecclesiastici

139 1488 280 1581 judices
305 1486 609 1582 diligentissimam
641 1488 842 1559 cantionem
871 1486 1076 1570 adhibeant,
1095 1497 1139 1560 ut
1162 1489 1199 1560 in

146 1603 352 1675 criminibus
379 1601 577 1696 plectendis
610 1601 740 1686 locum,
766 1625 964 1696 personam,
990 1612 1137 1697 tempus
1161 1612 1200 1675 et

146 1728 284 1792 ceteras
324 1741 448 1791 omnes
493 1718 708 1812 flagitiorum
758 1720 1042 1792 circumstantias
1085 1722 1201 1792 consi·

146 1834 282 1918 dorent,
307 1845 346 1907 et
376 1835 554 1929 requitatis
577 1833 702 1929 regula
725 1834 888 1930 supplicii
912 1837 1199 1932 magnitudinem

147 1951 328 2023 definiant.

308 2162 429 2249 Cap.2.
451 2162 541 2229 Idem
555 2161 1029 2249 monumentorum.

197 2301 353 2395 AEqnum
379 2324 449 2372 non
475 2311 531 2372 est
556 2311 598 2372 ut
622 2304 660 2373 in
685 2303 781 2374 idem
807 2304 941 2374 crimen
961 2303 1015 2374 bis
1040 2304 1203 2376 animad-

148 2426 316 2487 vertatur.
367 2416 496 2508 Itaqne
521 2417 581 2509 qui
605 2416 716 2489 semel
741 2419 877 2511 peccati
902 2440 1044 2511 poenam
1069 2417 1128 2491 his
1151 2418 1202 2492 le·

146 2533 251 2627 gibus
276 2533 405 2603 nostris
430 2532 539 2614 dedit,
558 2556 629 2604 non
645 2533 754 2606 debet
775 2533 822 2605 ab
845 2532 920 2604 nito
936 2535 1060 2626 judice
1084 2535 1202 2609 eccle·

147 2652 299 2735 siaetico,
333 2672 545 2742 quocunque
578 2651 722 2723 nomine
757 2649 965 2744 appelletur,
999 2673 1122 2725 rursus
1154 2653 1201 2725 ad

147 2767 359 2861 supplicium
382 2768 510 2852 vocari,
527 2766 594 2839 nisi
613 2769 706 2840 forte
730 2789 850 2840 rursus
870 2767 916 2838 ad
940 2767 1092 2840 eandem
1118 2790 1203 2863 pcc·

147 2885 251 2955 candi
277 2884 458 2955 licentiam
482 2884 717 2968 devolvatur3
752 2893 831 2956 tum
856 2884 951 2956 enim
977 2907 1071 2957 nora
1094 2886 1202 2980 culpa

148 3024 275 3072 novam
293 3023 433 3094 poenam
451 3002 608 3092 requirit.

382 3213 502 3301 Gono-
528 3212 966 3301 caementariorum.

197 3352 268 3437 Qui
295 3363 379 3425 sunt
400 3376 447 3425 ex
469 3354 592 3427 ordine
615 3353 863 3435 ecclesiastico,
881 3374 970 3445 quos
994 3350 1104 3447 vulgo
1129 3352 1202 3426 cle·

148 3471 238 3542 ricos
263 3471 396 3552 dicunt,
414 3471 443 3541 si
466 3471 511 3542 de
534 3471 606 3541 suia
628 3469 695 3562 ipsi
720 3468 926 3540 criminibus
951 3468 1202 3555 confiteantur,

148 3595 211 3656 aut
240 3588 277 3656 in
308 3585 377 3657 illis
410 3585 571 3681 legitime
602 3585 865 3668 convincantur,
896 3582 1041 3681 illorum
1067 3587 1200 3679 proprii

142 3701 283 3793 judices
317 3723 398 3772 curn
432 3724 660 3795 personarum
695 3722 818 3772 omnes
851 3710 889 3771 et
918 3722 1102 3771 cansarum
1133 3702 1201 3772 cir·

147 3818 377 3888 cumstantias
402 3819 683 3910 perquisiverint,
709 3816 766 3887 vel
792 3817 1014 3910 temporariis
1039 3814 1095 3887 vel
1123 3838 1200 3909 per·

144 3934 261 4025 petuis
292 3933 440 4004 vinculis
475 3934 553 4006 illos
586 3935 759 4006 arbitratu
791 3955 855 4004 suo
890 3932 1059 4003 mandare
1095 3953 1197 4024 posse

144 4050 379 4120 concedimus.
