2692 4800
458 316 696 375 uuoauuaos
721 319 882 370 ormcrrs.
1121 308 1194 380 107

144 469 254 541 altera
279 477 384 562 parte
410 470 584 541 studiosos
610 471 821 565 evangelica
847 473 989 565 pietatis
1016 482 1193 560 tueantur,

145 583 344 669 sublevent,
365 595 405 656 st
423 587 563 678 juvent,
588 587 685 657 brevi
712 589 825 679 spatio
851 591 1020 682 temporis
1045 590 1196 685 collegia

146 701 467 794 perpurgahuntur.
519 702 601 772 Non
625 704 717 774 sinat
738 704 974 797 episcopusin
993 704 1194 798 hujusmodi

146 817 304 911 collegiis
322 817 513 888 lectionem
531 817 779 912 theologicam,
797 820 824 889 si
850 843 920 912 qua
942 820 990 890 ibi
1012 822 1068 905 sit,
1086 823 1196 893 inter-

146 934 252 1004 mitti.
293 931 426 1026 Neque
443 936 486 1005 ad
501 933 597 1004 illam
616 937 772 1028 patiatur
783 935 924 1006 admitti
944 937 1195 1028 praelectorem,

145 1049 203 1141 qui
229 1056 296 1119 aut
320 1048 472 1119 alienam
498 1050 695 1120 doctrinam
721 1050 937 1143 profiteatur,
963 1059 1026 1120 aut
1055 1053 1101 1122 sit
1131 1077 1196 1123 nu-

146 1163 255 1234 tantis
291 1172 330 1233 et
363 1164 505 1234 incertae
539 1165 734 1235 sententiae.
795 1163 969 1256 Exploret
1002 1187 1047 1234 au
1076 1166 1196 1257 justus

145 1302 316 1351 numerus
333 1278 579 1374 theologorum
598 1281 635 1348 in
653 1278 803 1373 collegio
820 1287 989 1349 servetur.
1026 1278 1195 1372 Inspiciat

144 1396 326 1467 interdum
357 1397 415 1489 qui
448 1419 569 1466 eorum
596 1396 791 1488 proficiant,
818 1396 878 1487 qui
904 1397 975 1465 sint
1001 1397 1127 1489 ignavi,
1155 1409 1195 1468 ut

144 1514 233 1584 sciat
260 1533 349 1604 quos
375 1520 413 1580 et
438 1520 526 1603 quot
552 1513 730 1581 ministros
756 1512 865 1603 possit
891 1511 1021 1583 hahere
1044 1522 1195 1604 paratos,

144 1652 225 1699 cum
246 1627 438 1698 necessitas
456 1626 626 1698 Ecclesiae
647 1625 844 1720 postularit.

356 1871 433 1957 (lap.
452 1892 500 1957 15.
525 1872 573 1936 De
587 1872 751 1936 residentia
766 1873 985 1959 episcoporum.

196 1995 280 2066 Nec
302 1995 412 2066 stiam
437 1994 511 2064 ullo
536 1995 643 2064 modo
666 1997 821 2088 episcopi
847 2019 869 2065 a
893 1997 965 2067 suis
989 1995 1196 2068 dioecesibus

145 2125 209 2185 aut
235 2111 394 2183 ecclesiis
420 2109 552 2180 debent
577 2110 709 2193 abesse,
736 2111 802 2181 nisi
828 2134 934 2182 causa
959 2110 1197 2183 ecclesiastica

145 2249 206 2296 eos
229 2225 395 2307 abducat,
414 2224 469 2295 vel
492 2225 647 2294 maxima
670 2225 871 2317 reipublicae
894 2226 1094 2296 necessitas.
1147 2226 1196 2296 Et

146 2341 206 2411 ubi
234 2342 272 2410 in
299 2339 492 2411 cathedrali
523 2340 673 2411 ecclesia
700 2343 932 2425 consederint,
959 2365 1082 2435 parum
1113 2366 1197 2413 con·

144 2458 243 2527 venit
262 2467 304 2527 ut
323 2457 508 2527 dominicis
525 2457 648 2527 diebus
665 2459 702 2528 in
723 2459 794 2529 suis
815 2457 951 2528 sacellis
969 2457 1083 2528 officia
1099 2481 1197 2529 sacra

145 2583 312 2656 tractent,
330 2572 387 2642 vel
410 2572 494 2665 ipsis
520 2573 694 2644 intersint.
747 2573 873 2644 Potius
897 2584 981 2643 eant
1006 2575 1051 2644 ad
1076 2574 1198 2645 cathe-

145 2689 279 2761 dralem
315 2688 524 2771 ecclesiam
560 2688 609 2758 ibi
644 2689 700 2760 vel
736 2691 801 2783 ipsi
835 2691 1100 2773 concionentur,
1134 2699 1197 2760 aut

144 2807 415 2876 concionantem
433 2804 589 2885 audiant,
604 2816 641 2876 et
658 2816 877 2877 sacramenta
894 2807 930 2876 in
948 2808 1197 2877 communione

144 2920 202 2991 rel
220 2921 287 3013 ipsi
306 2920 509 2990 ministrent
524 2919 578 2989 vel
593 2944 674 2991 cum
692 2921 770 2992 aliis
786 2923 992 3015 percipiant.
1028 2923 1088 2993 Sic
1101 2923 1196 2993 enim

145 3059 264 3108 coram
282 3035 334 3105 eis
350 3058 406 3105 res
422 3034 563 3129 gravius
579 3043 759 3127 gerentur,
773 3047 811 3107 et
824 3047 1039 3107 conventum
1058 3061 1196 3109 sacrum

147 3153 336 3248 praeseutia
352 3176 416 3223 sua
432 3151 621 3223 ornabunt.

380 3398 457 3484 Gap.
479 3402 525 3463 16.
550 3400 600 3464 Do
613 3399 835 3483 moclj'utorilus
850 3401 971 3465 dandis.

195 3522 505 3607 Quemadmodum
521 3523 673 3616 episcopi
689 3524 857 3594 ministris
871 3524 1103 3604 inferioribus,
1115 3547 1198 3593 cum

139 3639 216 3730 jam
245 3637 302 3708 vel
332 3647 475 3730 propter
504 3638 667 3708 morbum
698 3639 936 3732 desperatum,
967 3638 1019 3708 vel
1053 3648 1198 3731 propter

146 3763 379 3835 senectutem,
419 3752 605 3825 ecelesiam
647 3752 910 3826 administrare¹
952 3755 1086 3825 diutius
1127 3777 1197 3825 non

145 3869 292 3961 possint,
322 3869 501 3961 adjutores
531 3891 707 3961 apponere
736 3870 879 3955 debent,
909 3871 958 3942 sic
988 3873 1096 3941 etiam
1129 3870 1198 3941 illis

145 3987 192 4055 ob
216 3985 358 4055 casdem
382 4008 504 4055 causas
528 3985 573 4055 ab
599 3987 860 4079 archiepiscopo
883 3987 1072 4073 dabuntur,
1089 3988 1196 4057 modu

146 4111 267 4170 noster
289 4123 477 4171 consensus
502 4101 722 4172 interveniat.
777 4101 824 4170 Et
848 4103 939 4172 sicut
964 4103 1027 4196 ipsi
1052 4113 1198 4195 possunt

572 4329 581 4374 ¹
599 4333 764 4390 ministrare.
