2692 4800
478 316 527 366 nn
552 315 853 368 nxcnrnournus.
1119 295 1191 361 285

162 568 239 654 Gap.
256 588 304 632 11.
332 568 412 638 Quoe
425 566 611 650 exceptivam
618 587 679 651 por
691 576 784 631 totum
799 585 923 630 cousom
937 563 1025 648 objici
1033 573 1169 649 mouent.

189 706 429 800 Exceptiones
452 707 828 776 excommunicationis
854 714 893 777 et
919 703 997 775 falsi
1025 724 1188 795 procura·

145 825 228 895 toris
245 845 310 914 per
327 829 441 891 totam
459 843 601 891 causam
619 820 722 913 objici
740 829 897 913 possunt.

182 1050 259 1137 (inp.
273 1069 322 1113 12.
345 1050 493 1133 Exceptio
506 1049 820 1113 eccommuoicctionis
834 1050 921 1113 intro
934 1057 997 1113 octo
1011 1047 1076 1111 dier
1089 1056 1146 1111 ost¹

579 1150 752 1235 probando.

195 1291 249 1363 Ut
266 1314 350 1362 vero
376 1290 458 1362 lites
483 1289 563 1382 plns
579 1290 678 1382 justo
700 1312 770 1360 non
789 1289 1019 1384 protelentur,
1038 1288 1196 1383 praccipi-

145 1430 234 1491 mus,
252 1419 294 1478 ut
315 1408 347 1478 is
369 1407 430 1499 qui
456 1406 861 1477 excommunicationem
888 1405 1021 1498 objicit,
1040 1405 1196 1499 speciem

146 1524 241 1595 illius
263 1533 301 1595 et
318 1545 448 1593 nomen
467 1522 822 1592 excommunicatoris
839 1521 1026 1614 exprimat,
1044 1522 1196 1593 sciturus

147 1664 225 1712 eam
251 1662 326 1710 rem
354 1661 392 1709 se
418 1638 555 1708 deferre
582 1636 711 1708 debere
737 1639 773 1707 in
799 1637 976 1730 publicam
1001 1638 1195 1719 notionem,

147 1778 254 1850 quam
280 1756 374 1825 intra
398 1763 481 1824 octo
499 1755 635 1822 dierum
654 1754 806 1847 spatium
829 1754 898 1839 (die
915 1755 952 1823 in
975 1776 1045 1844 quo
1070 1774 1198 1845 propo·

147 1873 245 1943 nitur
261 1871 408 1941 minime
426 1873 647 1962 computato)
666 1868 813 1962 probare
831 1867 947 1940 valeat
970 1869 1197 1960 apertissimis

147 1988 383 2059 documentis.
424 1986 530 2070 Quod
548 1986 575 2055 si
595 2007 665 2055 non
683 1985 893 2078 probaverit,
905 1986 1020 2077 judex
1037 1986 1074 2055 in
1093 2008 1198 2055 causa

147 2102 337 2198 procedere
358 2124 429 2172 non
453 2102 607 2184 omittat,
626 2124 726 2172 reum
747 2103 783 2171 in
802 2101 975 2193 expensis,
993 2124 1078 2192 quas
1100 2111 1199 2171 actor

148 2221 195 2292 ob
220 2220 288 2290 hoc
310 2218 436 2289 diebus
461 2216 530 2288 illis
556 2241 594 2289 se
621 2219 745 2289 fecisse
773 2219 945 2300 docuerit,
968 2242 1032 2311 pro
1058 2213 1199 2288 habita²

148 2337 333 2408 taxatione
350 2335 596 2405 condemnans.

384 2545 461 2631 (lap.
475 2567 525 2632 13.
550 2548 599 2611 De
613 2548 832 2634 acceptionibus
845 2549 960 2614 mimis.

201 2686 442 2780 Exceptioncs
468 2688 604 2768 mixtae,
629 2709 706 2778 quae
732 2688 782 2757 sic
808 2688 985 2773 dicuntur,
1003 2697 1044 2758 ut
1071 2689 1199 2781 partim

151 2802 320 2874 dilatoriae
350 2810 433 2872 sunt
463 2810 500 2871 et
528 2802 657 2894 partim
683 2805 936 2895 peremptoria,
962 2806 991 2875 si
1017 2816 1097 2897 post
1127 2804 1200 2876 litis

151 2918 446 2989 contestationem
479 2926 729 3010 proponantur,
757 2920 828 2989 vim
855 2919 1199 3014 dilatoriamm,110n

151 3034 345 3118 habebunt,
362 3033 425 3105 sed
442 3043 584 3105 tantum
602 3038 848 3128 peremptoria}
865 3037 1113 3107 censebuntur.

184 3264 261 3350 (lup.
276 3285 326 3345 14.
349 3264 509 3329 Dilotorc'o
517 3265 636 3349 judicii
643 3289 815 3352 proctamet
829 3268 997 3354 impediens
1012 3270 1121 3334 omaso
1135 3269 1170 3333 s'n

247 3368 357 3451 prima
372 3368 520 3433 instantia
535 3369 570 3432 io
584 3369 786 3455 appellatione
800 3394 859 3435 aon
868 3372 983 3455 polerit
997 3370 1096 3455 obici.

204 3506 379 3599 Exceptio
398 3507 569 3589 dilatoria,
588 3531 666 3599 quae
677 3509 804 3600 judicii
824 3533 1024 3601 processum
1041 3510 1200 3603 impedit,

153 3625 189 3693 in
207 3645 313 3694 causa
330 3623 514 3715 principali
533 3648 602 3693 non
622 3626 783 3716 opposita
797 3627 830 3696 in
847 3625 1083 3718 appellatione
1098 3627 1202 3719 objici

154 3763 224 3809 non
242 3739 385 3831 poterit.

164 3967 242 4053 (lap.
260 3986 307 4053 15.
330 3969 553 4054 Permcptorice
567 3970 684 4034 manere
698 3972 732 4034 in
740 3973 850 4058 prima
865 3974 1014 4037 imantia
1026 3983 1149 4058 poscant
1162 3975 1197 4038 in

521 4074 722 4160 appellatione
735 4075 835 4159 objici.

207 4210 246 4280 Si
274 4217 519 4306 peremptoriae
554 4218 781 4307 exceptiones
807 4219 843 4286 in
873 4219 1042 4288 instantia
1069 4218 1204 4287 omissa

322 4347 329 4386 ¹
346 4361 389 4410 est
404 4364 469 4428 post
483 4355 637 4430 probanda.
849 4350 1041 4431 ²praehsbita.
