2692 4800
463 338 512 389 nu
535 340 884 393 conorousronrsus.
1152 328 1198 399 37

148 508 340 580 maledicta
353 510 567 600 intorqueat.
599 507 706 591 Quod
724 509 751 579 si
771 508 863 579 forte
882 509 1052 601 quispiam
1067 533 1112 580 ex
1131 510 1200 582 illis

148 627 193 695 sit
211 627 272 718 qui
292 625 489 696 doctrinam
507 624 653 717 impiam
676 623 713 693 in
733 624 902 695 concione
927 626 1198 720 pervulgaverit,

149 742 331 814 admoneri
350 741 468 824 debet,
485 752 526 811 ut
548 740 691 834 publico
716 764 819 812 sunm
839 764 991 812 errorem
1010 753 1198 837 agnoscot;

149 860 242 951 quod
261 860 290 931 si
310 860 523 930 recusaverit
542 860 667 940 facere,
680 859 794 950 judex
813 858 914 929 illum
938 858 1068 930 afficiat
1091 861 1199 931 baere-

149 974 209 1043 tici
228 996 342 1066 poeua,
361 974 428 1044 nisi
445 975 490 1044 de
516 974 693 1047 sententia
717 975 918 1059 decesserit,
936 984 973 1046 et
999 976 1067 1048 boc
1089 979 1197 1048 etiam

148 1098 347 1171 accuretur,
368 1099 409 1159 ut
432 1090 492 1160 ubi
519 1091 749 1181 perniciosam
777 1091 869 1162 hanc
896 1093 1093 1164 doctrinam
1116 1117 1199 1165 oon-

148 1205 250 1287 sevit,
269 1204 318 1276 ibi
336 1228 440 1276 sanus
458 1216 496 1275 ct
513 1207 592 1299 pius
609 1205 736 1299 aliquis
753 1208 981 1279 concionator
996 1210 1073 1302 ejus
1090 1210 1198 1283 baere-

148 1323 212 1391 sim
232 1323 429 1404 convincat,
449 1346 494 1394 ue
517 1322 669 1417 populus
696 1325 822 1395 erroris
840 1348 1014 1397 vencnum
1034 1325 1198 1398 hauriens

148 1469 169 1517 a
196 1470 280 1518 vera
305 1447 476 1518 desciscat
502 1457 540 1517 et
570 1448 749 1517 communi
775 1447 856 1519 fide.
925 1448 1199 1524 Concionatores

148 1564 278 1635 acriter
303 1564 469 1633 vitiorum
496 1563 761 1657 improbitatem
788 1566 985 1659 objurgent,
1003 1567 1065 1637 sed
1092 1567 1128 1638 in
1155 1592 1198 1640 eo

149 1679 197 1749 sio
210 1677 280 1750 iliis
298 1681 410 1751 oratio
424 1679 677 1774 progrediatur,
691 1679 823 1752 nullius
838 1692 880 1751 ut
893 1680 1045 1753 bominis
1058 1685 1199 1782 occulta

149 1794 323 1867 maleficia
357 1796 544 1889 separatim
577 1806 614 1868 et
645 1799 786 1890 proprie
822 1800 1090 1884 demonstrent3
1132 1824 1198 1874 neo

148 1935 348 2004 quenquam
377 1914 587 1985 nominatim
614 1937 712 1983 reum
740 1938 857 1986 coram
890 1915 1122 1988 multitudine
1150 1919 1199 1989 ci-

149 2037 239 2109 tent,
256 2029 322 2099 nisi
347 2040 420 2100 tam
438 2030 661 2121 importunus
683 2031 856 2124 quispiam
884 2032 1002 2113 fuerit,
1020 2042 1063 2103 ut
1085 2033 1198 2106 ecole-

148 2141 304 2212 siasticas
316 2142 577 2214 admonitiones
590 2156 809 2237 antegressas
823 2147 1087 2239 contempserit.
1115 2146 1199 2218 Evi-

148 2258 235 2329 dens
253 2261 362 2330 etiam
380 2268 418 2330 et
435 2271 577 2352 apertus
600 2263 646 2333 sit
667 2263 956 2332 concionatorum
981 2286 1108 2347 sermo,
1126 2287 1197 2337 nou

148 2374 316 2445 obscums
334 2397 399 2446 nec
416 2376 630 2469 perplexus,
655 2400 721 2448 neo
742 2377 846 2448 verba
866 2388 992 2471 sponte
1015 2380 1065 2450 sic
1086 2380 1197 2450 invol-

149 2500 233 2561 vant
264 2501 302 2559 et
335 2491 530 2584 implicent,
561 2505 601 2564 ut
635 2516 735 2586 aque
769 2494 904 2584 possint
938 2494 974 2563 in
1010 2504 1197 2589 utramque

148 2620 283 2699 partem
303 2606 523 2700 distorqueri.

206 2803 284 2889 Gap.
299 2827 330 2881 4.
355 2805 410 2867 Ad
420 2825 493 2889 quos
501 2805 633 2890 proprie
647 2807 845 2871 cetreiano-adi
860 2828 968 2871 monus
975 2810 1137 2893 perdiscat.

196 2926 463 3021 Arciriepisoopi
488 2929 524 2998 in
549 2928 616 2998 hoc
640 2931 869 3002 concionandi
896 2953 1043 3003 munere
1068 2934 1196 3026 princi-

147 3051 269 3135 patum
296 3041 425 3114 baberc
450 3044 592 3115 debent.
645 3044 845 3116 Succedunt
872 3047 1036 3140 episcopi,
1060 3049 1194 3134 decani,

148 3160 402 3252 etquicunque
419 3170 504 3231 sunt
525 3162 560 3230 in
580 3160 811 3255 dignitatibus
831 3166 887 3253 (nt
905 3168 1047 3255 vocant)
1066 3168 1196 3236 consti-

147 3275 225 3344 tuti.
280 3274 360 3346 Nec
380 3276 416 3345 bi
440 3276 553 3346 solum
578 3277 614 3345 in
633 3278 698 3347 bac
718 3279 951 3370 occupatione
976 3281 1195 3354 sanctissima

147 3389 278 3461 debent
295 3415 381 3475 esse,
399 3392 459 3463 sed
478 3393 676 3485 pastoribus
694 3395 801 3464 etiam
821 3404 858 3464 et
881 3395 1041 3486 parochis
1066 3399 1194 3470 eadem

147 3517 300 3598 potestas
326 3508 361 3577 in
387 3510 459 3578 suis
483 3509 649 3603 gregibus
676 3512 822 3582 concedi
849 3511 967 3594 debet,
996 3514 1060 3585 nisi
1085 3517 1193 3609 justoe

146 3645 257 3693 causae
283 3624 431 3707 subsint,
456 3625 500 3694 ob
528 3649 613 3717 quas
639 3627 793 3720 episcopi
820 3628 873 3698 sui
899 3626 1080 3700 silentium
1107 3628 1191 3703 illis¹

145 3740 348 3811 indixerint.

195 3936 272 4020 Gap.
286 3954 317 4021 5.
342 3937 389 3999 De
403 3937 600 4001 convocandis
608 3960 669 4023 per
683 3939 853 4025 episcopum
869 3942 1139 4008 concorporatur.

195 4059 243 4130 Et
262 4067 302 4129 ut
326 4062 536 4131 concionum
561 4062 607 4132 sit
624 4062 765 4132 uberior
782 4063 926 4146 fructus,
945 4073 983 4135 et
1006 4068 1191 4139 conciona-

143 4185 261 4247 torum
287 4178 399 4270 major
424 4200 622 4261 consensus,
649 4180 833 4273 episcopus
858 4202 980 4252 omncs
1006 4184 1190 4271 conciona-

631 4341 638 4375 ¹
654 4344 702 4404 illi.
