2640 4806
539 310 588 360 nr.
612 310 778 362 sumans.
1109 294 1181 368 195

133 466 197 528 aut
223 459 423 542 advocatos,
444 483 549 554 super
574 463 668 534 facto
694 465 730 532 in
750 463 888 556 judicio
912 463 1102 555 proposito,
1126 463 1187 532 sed

133 597 199 667 per
221 597 259 645 se
283 573 391 667 ipsas¹
416 578 627 670 respondere
652 580 796 662 debent,
813 581 841 650 si
858 579 973 670 judex
997 600 1056 649 eas
1080 577 1188 647 inter-

132 692 308 785 rogandus
326 692 380 763 vel
400 695 651 766 examinandas
669 695 744 765 fore
761 697 914 765 duxerit.

219 904 339 968 Oitatae
353 926 523 991 comparere
537 905 619 969 delei
633 928 737 970 corum
744 906 852 992 ybdice
865 907 956 970 eiiam
971 928 1030 971 coc
1044 927 1107 970 suo.

134 1158 246 1230 debet
266 1161 409 1245 venire;
429 1162 562 1253 judicis
583 1163 678 1232 enirn
696 1172 751 1233 est
773 1164 976 1234 existimare
999 1186 1044 1233 an
1061 1186 1124 1233 sua
1141 1163 1187 1234 sit

128 1275 342 1366 jurisdictio,
370 1277 486 1347 vocati
520 1287 641 1348 autem
672 1286 727 1348 est
760 1302 831 1349 non
862 1287 1091 1350 contemnere
1124 1301 1187 1348 au·

135 1390 342 1463 thoritatem
364 1393 506 1485 judicis.
555 1393 648 1465 Nam
673 1405 711 1464 et
734 1395 948 1488 privilegiati
974 1396 1011 1465 in
1036 1417 1079 1465 ea
1104 1403 1187 1465 sunt

134 1528 252 1589 causa,
275 1510 376 1579 utin
398 1510 458 1601 jus
486 1511 601 1581 vocati
629 1512 773 1580 veniant
800 1510 984 1604 privilegia
1012 1533 1075 1580 sua
1102 1509 1187 1581 alle·

134 1620 283 1714 gerunt

199 1843 337 1908 Mutatio
352 1843 410 1908 loci
419 1854 491 1929 post
504 1810 748 1934 eucnemon
762 1848 872 1931 sufficit
885 1846 931 1910 ad
943 1844 1120 1910 declinatio-

589 1966 654 2009 nem
660 1946 741 2030 sori.

187 2082 228 2154 Si
258 2084 347 2176 quis,
375 2094 605 2177 posteaquam
632 2087 749 2178 injus
775 2096 920 2158 vocatus
945 2096 1009 2167 est,
1040 2087 1186 2157 alterius

136 2201 205 2270 fori
231 2222 307 2271 esse
333 2203 491 2294 coeperit,
516 2203 680 2294 exceptio
707 2201 801 2273 illius
829 2204 895 2273 fori
923 2225 994 2273 non
1021 2203 1185 2286 obstabit,

136 2318 232 2408 quod
251 2317 297 2387 ab
313 2314 383 2387 alio
400 2317 447 2388 sit
457 2318 534 2409 jam
552 2325 760 2410 praeventus.

262 2530 374 2595 Citatis
388 2540 471 2594 tatus
485 2528 525 2593 sit
539 2528 725 2615 adjudicare
739 2550 872 2593 cesenas
886 2538 914 2594 ct
928 2550 1065 2594 maur.

187 2670 246 2741 Au
265 2668 444 2764 judicem³
471 2670 748 2742 ecclesiasticum
774 2680 917 2742 vocatus
943 2694 1007 2764 per
1024 2672 1186 2764 judicem

137 2787 342 2870 secularem,
360 2789 600 2880 cujuscunque
626 2789 672 2858 sit
697 2788 881 2882 privilegii,
900 2789 1027 2872 eundo,
1049 2790 1185 2872 stando,

136 2903 195 2974 vel
220 2905 401 2975 redeundo
427 2929 497 2975 non
523 2903 744 2988 molestetur,
770 2904 825 2974 vel
851 2904 993 2975 realiter
1018 2906 1186 2998 capiatur,

136 3023 203 3093 sub
229 3044 333 3113 poena
356 3021 478 3091 decem
497 3019 664 3091 libramm
682 3020 968 3114 applicandorum
985 3022 1081 3092 cistae
1101 3044 1187 3114 pau·

135 3161 274 3231 perum.

471 3236 522 3298 Dc
536 3232 687 3297 solvendis
701 3233 850 3318 imperaris.

188 3364 228 3436 Si
249 3388 329 3436 reus
345 3373 491 3437 vocatus
507 3367 551 3436 ad
568 3366 744 3456 judicium
763 3367 1009 3458 compamerit,
1028 3375 1066 3438 et
1088 3378 1187 3438 actor

137 3480 225 3551 nihil
242 3481 424 3573 objecerit,
441 3504 522 3551 reus
545 3481 705 3552 exhibita
728 3482 829 3573 copia
852 3481 1041 3564 citationis,
1059 3490 1097 3551 et
1114 3482 1186 3552 fide

138 3597 233 3667 facta
258 3619 363 3690 super
388 3598 483 3668 diem
509 3595 800 3690 comparitionis⁴‚
820 3619 891 3666 una
914 3620 996 3666 cum
1023 3597 1186 3690 expensis

139 3714 349 3785 dimittatur.
402 3713 497 3784 Eum
520 3736 626 3806 quem
655 3722 790 3784 temere
817 3714 1055 3784 adversarium
1082 3735 1186 3783 suum

138 3831 175 3899 in
193 3831 368 3923 judicium
387 3852 529 3900 vocasse
552 3831 761 3912 constiterit,
779 3829 907 3900 viatica
927 3829 1069 3923 litisque
1090 3852 1186 3900 sum-

138 3956 221 4038 ptus
243 3946 441 4017 adversario
459 3968 522 4016 suo
543 3946 690 4016 reddere
713 3947 902 4039 oportebit.
947 3945 1096 4018 Victum
1115 3947 1187 4016 vic·

138 4063 206 4133 tori
221 4063 336 4154 judex
360 4061 611 4133 condemnabit
627 4063 663 4131 in
688 4063 861 4155 expensis,
879 4062 944 4133 nisi
961 4063 1187 4155 justaoausa

137 4180 170 4250 ei
194 4179 256 4272 qui
281 4177 481 4249 succumbit
506 4176 703 4246 subveniat.
755 4176 937 4269 Expensas
963 4175 1035 4247 litis
1053 4177 1186 4268 judicis

154 4316 229 4396 ¹pro
244 4338 274 4377 se
289 4318 365 4395 ipsis.
428 4314 622 4393 'allegantun
684 4312 855 4390 ³judieium.
918 4314 1171 4391 ⁴comparationis.

631 4420 695 4485 02
