2692 4800
463 315 511 365 nn
536 316 876 369 aerumnarournus.
1118 304 1191 377 309

174 574 252 659 Cap.
260 594 280 660 3
290 595 313 637 ι.
337 575 420 639 Late
434 576 581 641 renuntia
596 576 755 660 definitivo
769 600 828 642 non
842 588 883 643 eat
899 587 969 644 orote
983 580 1079 644 docem
1092 580 1157 644 dr'os

484 678 664 743 mandando
680 681 852 745 executioni.

195 810 272 880 Illis
302 811 424 880 deoem
455 811 580 880 diebus
611 834 632 880 a
661 809 734 881 lata
764 814 952 893 sententia,
980 814 1108 905 quibus
1134 837 1194 906 ap-

145 925 275 1019 pellare
306 926 399 1010 lieet,
421 927 620 1018 judicatum
649 951 719 996 non
750 928 939 1000 mandetur
968 931 1193 1012 executioni3

145 1043 240 1135 quod
266 1066 337 1114 non
362 1044 468 1113 modo
494 1044 531 1113 in
557 1043 727 1125 civilibus,
755 1067 875 1113 verum
903 1053 941 1114 et
969 1045 1003 1114 iu
1031 1046 1194 1117 crimina-

146 1157 238 1229 libus
263 1159 437 1231 observari
467 1160 697 1229 decernimus.
751 1159 929 1230 Volumus
955 1163 1062 1232 etiam
1090 1163 1192 1231 utin

146 1276 228 1366 ipsis
254 1275 502 1357 criminalibus,
531 1277 640 1346 etiam
669 1277 781 1344 invito
807 1275 1053 1357 condemnato,
1081 1277 1194 1367 quivis

146 1390 235 1462 alius
253 1415 316 1484 pro
334 1415 376 1461 eo
394 1392 503 1485 possit
520 1389 707 1484 appellare.

214 1597 290 1682 Cap.
302 1617 353 1682 32.
380 1598 530 1679 Quomodo
544 1599 669 1662 labala-r
683 1599 828 1662 torruinus
842 1598 875 1661 in
890 1598 1126 1683 eatrujnclioiali

566 1700 776 1786 appellatione.

199 1830 241 1900 In
272 1830 508 1924 appellatione
535 1830 802 1923 extrajudioiali,
831 1839 976 1924 propter
1004 1854 1194 1925 gravamen

148 1956 211 2019 aut
235 1948 394 2016 futurum
415 1956 477 2017 arnt
494 1949 569 2039 jam
588 1947 763 2017 inflictum
786 1947 1002 2040 interposita
1022 1949 1195 2018 terminus

151 2064 203 2134 vel
222 2088 244 2135 a
253 2065 335 2156 jure
355 2066 459 2134 datus
482 2063 538 2133 vol
556 2087 577 2134 a
587 2065 709 2155 judice
727 2063 782 2134 vel
807 2063 1008 2156 appellante
1032 2066 1195 2158 praefixus

147 2183 191 2251 ad
227 2179 327 2251 litem
363 2182 653 2272 prosequendam,
689 2204 758 2249 non
794 2204 815 2250 a
850 2181 906 2249 die
947 2180 1196 2273 appellationis

148 2296 257 2367 llrrere
281 2297 434 2389 incipiet,
461 2297 520 2366 sed
546 2322 565 2365 a
587 2297 644 2365 die
666 2320 735 2387 qua
758 2319 943 2389 oppressus
969 2297 1133 2389 coguovit
1158 2317 1196 2366 se

146 2425 350 2507 gravatum3
378 2415 438 2504 qui
465 2414 692 2483 nihilomiuus
719 2414 889 2482 terminus
913 2414 941 2480 si
968 2411 1076 2481 fuerit
1101 2410 1196 2505 elap-

147 2553 214 2614 sus,
239 2554 308 2598 non
335 2529 490 2599 obstabit
518 2532 603 2621 quin
631 2551 816 2622 oppressus
839 2552 860 2598 a
885 2529 1053 2620 superiori
1073 2528 1196 2620 judice

147 2646 318 2726 audiatur,
337 2670 406 2715 non
432 2646 574 2739 quidem
597 2647 841 2740 appellationis
861 2647 915 2715 via
940 2646 1000 2716 sed
1022 2645 1194 2737 querelae:

148 2787 227 2833 cum
257 2764 292 2833 in
322 2761 559 2856 appellatione
589 2762 780 2855 appellans,
807 2761 866 2852 qui
894 2761 1003 2831 semel
1030 2784 1109 2831 eam
1135 2761 1194 2831 de-

147 2882 305 2962 seruerit,
324 2881 439 2971 quoad
458 2882 567 2972 ipsam
588 2903 657 2949 non
675 2879 825 2971 amplius
844 2877 955 2946 audiri
975 2877 1113 2946 debeat.

180 3088 256 3173 Cap.
270 3107 323 3173 33.
350 3088 510 3150 Terminus
515 3087 665 3169 finiende
678 3107 777 3151 morare
791 3083 1004 3171 appellationis
1018 3107 1039 3146 n
1046 3084 1165 3167 judico,

364 3214 385 3254 o
402 3212 458 3276 qno
473 3191 656 3276 appellator,
671 3211 731 3253 non
743 3198 837 3275 potest
851 3188 977 3251 mutari.

195 3311 316 3383 Judex
335 3337 441 3406 aquo
463 3324 517 3382 est
537 3312 765 3405 appellatum,
784 3311 868 3381 licet
886 3310 1001 3382 valent
1017 3310 1194 3402 praeligare

146 3432 338 3500 terminum
362 3428 607 3523 appellationis
634 3428 893 3522 prosequendae,
912 3451 982 3496 non
1010 3434 1129 3495 tamen
1155 3424 1195 3495 il-

147 3547 213 3617 lins
234 3547 396 3617 finienda
419 3546 527 3617 alium
553 3547 743 3616 terminum
767 3554 886 3637 potest
912 3544 1128 3615 constituere
1151 3540 1196 3611 ab

146 3688 198 3749 eo,
217 3665 311 3757 quod
323 3666 384 3756 jus
401 3665 573 3734 concedit.

147 3849 223 3935 Gap.
233 3869 286 3934 34.
304 3849 342 3913 Si
355 3849 595 3934 oomprooriosron
609 3849 829 3933 interponatur,
839 3868 898 3910 non
914 3843 1029 3910 haddon·
1039 3846 1192 3908 terminus.

198 3978 235 4047 Si
262 3977 498 4071 appellatione
525 3978 731 4069 interposita
757 3987 874 4070 partes
893 3975 1135 4046 consenserint
1157 3974 1193 4042 in

148 4098 435 4189 compromissum
468 4097 659 4166 temrinum
691 4096 734 4164 ad
765 4093 1046 4187 prosequendam
1076 4091 1196 4183 appel-

150 4212 328 4295 lationem,
348 4236 487 4282 currere
505 4212 680 4293 nolumus,
698 4213 765 4282 nisi
776 4210 900 4302 judea,
912 4206 1196 4277 animadvertens

148 4350 193 4396 ex
224 4327 333 4395 nimia
363 4326 532 4396 dilatione
563 4326 748 4395 imminere
783 4322 989 4417 periculum,
1020 4321 1057 4391 in
1091 4342 1197 4393 eausa

142 4441 286 4531 juberet
306 4443 477 4535 progredi.
1164 4408 1296 4530 Γ
