2640 4806
196 257 268 332 194
595 277 643 326 nn
668 276 833 327 sumens.

195 554 361 619 Succedens
374 555 473 640 judee
490 556 630 641 supplere
641 567 739 644 potest
756 557 837 644 qood
850 558 1027 644 precedens
1045 580 1107 624 son
1119 559 1234 646 prosi

266 668 356 724 terat.
402 660 526 724 Mortuo
532 661 650 745 judice,
665 660 821 725 secedens
834 660 869 725 io
882 661 946 744 ejus
960 660 1060 726 heum
1068 670 1172 748 potest

342 763 508 848 procedere
520 765 615 848 jueta
628 765 767 846 sumam
787 773 978 842 retroactum,
993 776 1094 849 prout

424 865 477 930 ille
484 868 596 952 potuit,
612 867 647 931 io
661 867 747 951 csp'es
762 867 857 932 locem
870 867 1017 932 musal.

245 1008 284 1081 Si
301 1011 426 1102 juder,
444 1015 501 1084 cui
521 1022 619 1084 certa
635 1022 796 1106 tempora
817 1013 973 1106 prestita
991 1022 1107 1098 erant,
1124 1013 1236 1084 deces-

194 1127 288 1210 serit,
312 1136 350 1197 et
374 1128 463 1198 alius
488 1130 525 1199 in
555 1130 630 1220 ejus
655 1128 772 1199 locum
800 1131 905 1201 datus
928 1129 1050 1213 fuerit,
1073 1138 1175 1201 tanta
1194 1151 1235 1199 ex

192 1242 332 1337 integro
356 1245 393 1313 in
412 1267 560 1336 persona
577 1246 653 1337 ejus
673 1247 829 1338 praestita
850 1245 1103 1340 intelligemus,
1121 1268 1235 1338 quam·

192 1359 245 1430 vis
266 1359 433 1453 delegans
454 1361 663 1431 nominatim
681 1362 801 1432 hocin
820 1362 984 1454 sequenti
1007 1362 1155 1432 datione
1170 1384 1236 1432 non

193 1482 416 1568 expresserit,
447 1487 578 1570 quanta
607 1478 702 1570 prior
722 1479 846 1570 judex,
876 1479 936 1570 qui
965 1480 1130 1560 decessit,
1157 1501 1236 1571 prae·

191 1592 354 1663 stiterat:
380 1594 431 1663 ita
453 1602 583 1676 tamen,
602 1602 644 1664 nt
669 1593 828 1688 legitima
852 1604 1015 1688 tempora
1039 1618 1114 1667 non
1140 1618 1237 1666 exce-

191 1708 290 1778 dant.
342 1708 413 1793 Qui
436 1710 551 1803 judex
582 1719 637 1780 est
666 1710 703 1780 in
726 1711 863 1803 judicio
893 1713 1118 1804 possessorio,
1148 1712 1236 1783 idem

192 1846 268 1895 esss
293 1823 403 1896 debet
431 1827 468 1896 in
494 1827 671 1918 petitorio,
695 1850 741 1898 ne
769 1849 881 1898 causae
906 1829 1132 1900 continentia
1156 1828 1238 1900 divi-

191 1940 308 2013 datur.

558 2055 631 2119 Tres
634 2055 755 2139 sedicit
761 2065 878 2141 portes

240 2176 326 2248 Tres
353 2187 470 2272 partes
491 2178 601 2249 habet
617 2179 803 2270 judicium,
821 2179 1032 2271 principium
1061 2202 1175 2273 nsque
1197 2180 1238 2251 ad

191 2293 263 2364 litis
297 2295 604 2376 contestationem,
634 2295 793 2364 medium
823 2317 935 2386 nsque
964 2295 1010 2365 ad
1046 2295 1240 2367 conclusio·

191 2434 272 2481 nem
290 2412 327 2480 in
344 2433 459 2494 causa,
477 2419 515 2480 et
532 2411 638 2481 finem
657 2434 720 2503 per
737 2411 962 2482 sententiam.

608 2640 658 2702 De
671 2639 821 2704 citatione.

242 2764 311 2834 Per
337 2763 542 2832 citationem
569 2760 755 2831 inchoatur
773 2762 960 2853 judicium,
982 2770 1021 2830 et
1040 2763 1239 2854 jurisdictio

190 2889 433 2974 perpetuatur.
495 2877 590 2947 Eum
622 2879 682 2969 qui
713 2878 749 2946 in
773 2878 835 2969 jus
865 2879 1044 2971 vocandus
1074 2889 1141 2961 est,
1172 2902 1239 2949 non

190 2997 304 3068 tribus
325 2997 458 3077 edictis
477 2996 537 3064 sed
562 3018 632 3063 nno
652 2995 891 3088 peremptorio
914 3017 978 3087 pro
1002 2996 1170 3067 omnibus
1188 2999 1239 3089 (ut
1249 3010 1282 3077 93

190 3114 357 3184 circuitus
375 3112 542 3201 evitetur)
562 3112 677 3181 vocari
695 3110 839 3202 placuit.

349 3324 479 3394 Quando
487 3331 593 3409 portes
601 3332 815 3408 procuratores
828 3323 943 3387 minere
949 3334 1088 3408 possent.

239 3463 264 3532 J
267 3465 336 3533 uris
359 3486 434 3532 esse
460 3462 666 3556 ambiguum
698 3485 768 3531 non
794 3462 944 3545 videtur,
963 3462 1125 3552 judicem
1153 3464 1242 3533 ordi-

189 3579 327 3648 narium
350 3579 421 3647 sive
446 3577 647 3671 delegatum
667 3578 794 3668 jubere
817 3600 887 3647 non
909 3600 1011 3669 posse
1033 3577 1240 3648 alterutram

189 3695 341 3788 partium
369 3717 486 3763 coram
506 3717 542 3763 se
563 3693 794 3786 personaliter
815 3715 1029 3786 comparere,
1048 3694 1116 3764 nisi
1139 3716 1241 3764 causa

189 3811 297 3880 fuerit
321 3811 556 3891 correctionis
577 3809 632 3879 vel
657 3811 723 3879 nisi
749 3833 812 3902 pro
830 3811 980 3878 veritate
1006 3809 1168 3894 dicenda,
1185 3809 1240 3880 vel

188 3951 252 4020 pro
269 3928 474 4019 juramento
499 3925 682 3996 calumniae
706 3926 877 4009 faciendo,
894 3934 958 3996 aut
977 3924 1047 3996 alia
1065 3927 1158 4018 juris
1181 3949 1239 3997 ne·

189 4047 333 4116 cessitas
358 4053 476 4137 partes
502 4066 619 4113 coram
643 4068 687 4113 eo
710 4045 871 4137 exigeret
896 4042 1131 4135 personaliter
1155 4066 1239 4137 proe-

188 4162 330 4233 senteri.
382 4159 598 4252 Principales
616 4181 775 4251 personae
793 4183 864 4229 non
881 4157 961 4252 per¹
980 4169 1236 4252 procuratores,

642 4296 650 4336 ¹
666 4321 717 4378 pcr
730 4321 781 4359 om.
