2692 4800
134 300 139 311 .
157 242 208 317 76
533 264 582 314 oa
607 262 852 314 rusasrroun.
1217 270 1240 322 a

157 420 297 514 piciosis
313 421 432 514 potius
448 438 553 512 quam
570 415 673 487 malis
690 438 767 487 ease
784 415 913 510 placet.
951 414 1200 515 Purgationem

157 560 241 610 vero
260 538 376 633 judex
396 535 622 630 praescribere
644 541 775 628 potest,
792 532 879 607 lieet
897 532 1064 608 solennes
1086 535 1200 634 legum

156 657 245 728 ritus
270 677 341 727 non
367 653 667 748 antegrediantnr,
688 649 744 722 vel
771 651 860 722 certi
881 654 1055 746 temporis
1079 655 1126 727 ad
1147 678 1200 728 aa·

155 773 349 845 eusandnm
380 756 606 865 properandi,
632 767 690 838 vel
720 767 920 862 suspiciosa
948 792 1113 864 persona
1139 774 1200 847 ω’.

154 889 309 962 minibus
325 885 535 981 inquirendi.

244 1102 322 1189 (lap.
337 1102 369 1165 6.
390 1098 610 1186 Purgationem
623 1095 790 1183 legitimam
803 1094 973 1182 aliquando
979 1095 1113 1183 pollion

497 1200 690 1266 denunciatio
700 1198 858 1285 procedit.

205 1329 296 1401 Cum
310 1325 477 1398 'defensio
500 1324 557 1397 vel
577 1324 740 1419 purgatio
762 1345 919 1418 personae
942 1326 1092 1399 adversa
1111 1326 1201 1401 fama

154 1444 346 1517 laborantis
374 1442 583 1524 instituitur,
603 1440 719 1533 judex
747 1438 805 1510 vel
835 1440 1012 1534 propriam
1043 1441 1123 1534 ejus
1146 1466 1200 1515 eo·

154 1561 307 1643 alesiam,
334 1558 391 1632 vel
416 1558 570 1652 aliquam
596 1557 701 1629 aliam
726 1554 780 1627 illi
805 1557 962 1628 maxime
990 1557 1200 1632 familiarum

154 1676 300 1771 deligat,
318 1676 354 1746 in
372 1698 443 1768 qua
463 1675 620 1745 maxima
643 1670 763 1766 populi
780 1670 980 1764 frequentia
1000 1672 1202 1748 divinorum

153 1792 349 1865 officiorum
366 1801 528 1885 tempore
550 1812 668 1862 eoram
686 1788 849 1860 omnibus
866 1798 1094 1884 proponatur,-
1111 1800 1155 1864 nt
1173 1794 1202 1865 si

154 1910 232 2004 quis
257 1911 429 1981 institutae
454 1908 667 1980 defensionis
692 1907 852 1979 ordinem
877 1915 942 1979 aut
966 1931 1112 1981 oursum
1137 1912 1203 1983 im·

153 2028 275 2122 pedire
292 2025 390 2110 velit,
407 2035 470 2098 ant
489 2024 687 2096 ullomodo
710 2046 749 2096 se
772 2024 808 2095 in
830 2023 900 2096 hoo
922 2026 1070 2121 negotio
1093 2027 1205 2099 inter·

152 2167 298 2238 ponere,
315 2143 403 2228 loeo,
421 2143 491 2226 die,
509 2152 548 2213 et
564 2151 725 2235 tempore
742 2141 945 2214 constitutis
964 2165 1004 2215 se
1025 2145 1200 2230 ostendat,

153 2271 192 2333 et
216 2262 264 2333 ibi
290 2260 456 2355 quicquid
479 2258 553 2331 nlla
575 2259 711 2331 ratione
734 2257 820 2330 velit
842 2259 879 2329 in
901 2258 970 2331 hoo
991 2283 1100 2333 eausa
1119 2286 1202 2357 pur·

152 2378 305 2473 gationis
325 2376 460 2461 afferre,
478 2400 596 2448 eoram
612 2375 736 2469 judice
759 2375 827 2445 rite
849 2383 888 2446 et
903 2398 1092 2471 progressu
1109 2378 1202 2471 juris

152 2501 349 2587 expromat.
403 2491 452 2562 Et
475 2492 560 2564 lieet
576 2492 692 2584 judex
714 2491 999 2584 praemittendam
1016 2494 1201 2568 existimet
1208 2516 1247 2587 37

152 2610 354 2703 hujusmodi
372 2608 699 2703 proclamationem,
717 2617 837 2678 tamen
854 2609 884 2678 is
901 2609 963 2701 qui
980 2610 1131 2683 adversa
1146 2624 1201 2685 est

152 2727 247 2799 fama
268 2727 295 2798 si
317 2725 517 2799 remedium
531 2725 602 2797 hoo
621 2724 722 2796 valde
740 2723 963 2819 flagitaverit,
980 2735 1019 2798 et
1042 2729 1116 2801 suis
1136 2732 1202 2801 im-

151 2845 268 2939 pensis
285 2845 321 2915 id
339 2865 525 2937 procurare
545 2843 639 2925 velit,
657 2841 709 2912 illi
727 2843 873 2913 concedi
890 2842 1019 2935 placet.

265 3055 344 3142 Gap.
361 3071 389 3140 7.
418 3054 549 3125 Quaado
563 3054 789 3140 suspendeatur
801 3053 934 3119 eoadem
941 3055 1086 3140 purgati.

201 3174 391 3269 Relegatio
410 3174 456 3245 ab
473 3174 632 3258 ecelesia,
650 3198 757 3268 quam
774 3178 1040 3270 suspensionem
1060 3188 1199 3263 vocant,

150 3315 331 3384 nunquam
352 3292 473 3364 statim
497 3301 582 3363 ante
605 3292 851 3386 purgationem
871 3295 1117 3390 distringendo
1135 3308 1199 3380 est,

150 3409 217 3480 nisi
240 3410 287 3479 sit
311 3409 466 3479 immane
490 3410 628 3480 facinus
651 3410 745 3501 quod
768 3412 806 3480 in
828 3413 1027 3505 suspicione
1052 3422 1119 3497 est,
1137 3423 1199 3485 aut

151 3527 226 3619 ipse
242 3549 323 3597 reus
341 3527 398 3596 cui
415 3549 453 3597 se
467 3526 693 3597 defendendo
710 3527 835 3619 supina
847 3527 957 3601 fuerit
973 3538 1012 3600 et
1025 3528 1199 3604 dissoluta

149 3640 379 3736 negligentia.

442 3753 520 3840 Gap.
538 3754 568 3819 8.
593 3754 691 3819 Ratio
699 3754 908 3841 purgationis.

199 3875 288 3948 Haeo
301 3874 454 3947 formula
469 3877 689 3970 purgationis
706 3886 793 3949 esto.
819 3877 998 3949 Defensor
1009 3901 1048 3950 se
1061 3881 1194 3952 crimen

147 4015 217 4064 non
242 3992 424 4064 admisisse
446 3992 590 4083 jurato:
617 3992 812 4064 defensoris
835 3993 1054 4080 liberatores,
1072 3996 1130 4068 vel
1155 4004 1195 4066 ut

149 4109 255 4205 vulgo
278 4110 404 4181 dicunt
427 4118 726 4204 compurgatores,
745 4111 889 4182 credere
912 4134 950 4182 se
973 4134 1098 4183 verum
1121 4114 1193 4207 ejus

141 4227 385 4318 juramentum
405 4225 523 4309 fuisso,
535 4226 742 4316 juramento
760 4228 878 4320 stipsi
898 4228 1111 4303 affirmante.
