2692 4800
143 280 219 345 m
492 293 541 343 oa
566 293 720 345 curuum
745 292 858 345 rarsi.

417 929 487 1001 DE
512 930 740 1002 CRIMINE
767 929 928 1005 FALSI.

203 1126 283 1213 Gap.
300 1147 327 1190 1.
353 1125 579 1211 Orimoafirlsi¹
596 1126 676 1213 quid
686 1128 735 1206 sit,
745 1137 775 1193 er
788 1128 911 1215 woodo
925 1127 1140 1194 onam.

196 1263 340 1339 Crimen
374 1263 451 1335 falsi
482 1266 641 1337 veritatis
672 1274 727 1336 est
761 1267 977 1348 immutatio,
1004 1288 1085 1360 quse
1116 1264 1195 1337 dolo

146 1380 241 1452 malo
261 1377 330 1465 fit²,
348 1389 385 1451 et
407 1404 488 1451 cum
499 1382 641 1474 jactura
662 1382 778 1453 fratris
799 1383 1038 1478 conjungitur,
1056 1390 1096 1455 et
1117 1406 1196 1456 cnm

146 1497 182 1567 in
213 1497 327 1568 verbis
362 1506 441 1567 turn
469 1499 506 1567 in
535 1499 673 1591 scriptis
703 1500 948 1582 committitur,
978 1500 1134 1592 denique
1162 1500 1196 1570 in
1239 1528 1245 1571 :

146 1612 310 1682 omnibus
350 1636 428 1705 quae
462 1614 499 1682 in
529 1613 666 1705 judicio
700 1622 738 1684 et
772 1637 839 1683 usu
873 1613 1017 1707 publico
1053 1622 1130 1686 rata
1162 1622 1199 1685 ct

146 1728 248 1799 fiuna
275 1751 351 1799 esse
382 1729 525 1799 debent.
577 1728 755 1823 Principio
783 1730 820 1799 in
848 1728 917 1800 hoc
946 1729 1084 1802 crimen
1114 1731 1212 1801 inci·

147 1844 238 1915 dunt
272 1845 333 1936 qui
366 1844 454 1915 falsa
486 1845 692 1916 testimonia
724 1844 875 1927 dicunt;
915 1844 1047 1917 deiude
1088 1846 1214 1919 etiam

147 1962 207 2054 qui
238 1962 402 2033 mercede
427 1961 662 2044 adducuntur,
689 1960 745 2032 vel
777 1969 818 2030 ut
848 1961 1095 2032 testimonium
1128 1986 1207 2036 non

147 2076 272 2160 ferant,
292 2076 348 2147 vel
366 2084 407 2146 ut
424 2077 550 2147 ferant.

200 2190 243 2262 Iu
263 2193 390 2262 eodem
407 2194 554 2264 crimine
576 2201 669 2278 sunt,
687 2195 748 2286 qui
772 2202 998 2278 testamenta
1016 2215 1199 2288 supremas

147 2307 332 2378 hominum
365 2307 576 2393 voluntates,
607 2309 796 2393 codicillos,
827 2320 917 2394 acta,
947 2313 1192 2393 instrumenta,

146 2424 372 2517 syngraphas,
391 2424 448 2495 vel
470 2422 580 2496 alias3
603 2426 680 2518 ejus
704 2426 842 2519 generis
863 2448 1094 2518 quascunque
1120 2448 1191 2519 pro

149 2537 319 2625 bationes,
336 2563 380 2610 ex
403 2542 530 2634 quibus
554 2543 590 2610 in
610 2541 753 2633 judiciis
781 2541 867 2612 fides
892 2542 968 2612 fieri
994 2542 1116 2635 possit,
1133 2543 1189 2611 im-

148 2655 391 2739 mutaverint⁴,
419 2656 474 2726 vel
511 2657 581 2727 ulla
617 2659 751 2728 ratione
786 2660 1031 2751 perverterint,
1062 2659 1119 2729 vel
1152 2660 1187 2730 ad

149 2773 428 2865 opprimendam,
446 2773 502 2842 vel
520 2773 767 2845 occulendam⁵
786 2771 994 2845 veritatem6
1013 2776 1083 2845 ista
1105 2774 1189 2845 cela·

149 2892 273 2972 verint,
288 2892 515 2985 diffregerint‚
529 2893 795 2974 combusserint,
814 2902 877 2962 aut
894 2902 1020 2985 sponte
1038 2914 1186 2963 summo

150 3008 274 3090 verint,
292 3018 354 3079 aut
381 3033 671 3101 quorumcunque
694 3010 902 3101 scriptorum
928 3007 1033 3100 hujus
1056 3011 1189 3102 generis

149 3125 249 3219 signa
275 3127 504 3219 corruperint,
536 3148 597 3196 seu
632 3127 706 3217 ipsa
735 3127 866 3218 scripta
897 3124 1106 3209 deleverint,
1136 3148 1191 3196 seu

150 3263 359 3333 quocunque
378 3241 483 3311 modo
501 3241 754 3312 interleverint.
799 3240 878 3311 Nec
896 3239 1009 3310 solum
1029 3241 1191 3312 authores

150 3358 215 3448 ipsi
236 3369 318 3427 sunt
338 3359 397 3441 rei,
416 3360 647 3428 verumetiam
665 3367 702 3428 et
720 3357 770 3426 illi
790 3366 966 3438 tenentur,
985 3358 1045 3449 qui
1067 3360 1192 3450 scripto

151 3472 206 3542 vel
232 3474 431 3545 adulterata
457 3474 511 3544 vel
538 3474 613 3543 ullo
639 3474 745 3544 modo
770 3470 979 3564 depravata⁷
1005 3473 1192 3568 descripse

149 3589 231 3671 rint,
259 3589 532 3683 obsignaverint,
559 3592 794 3671 recitaverint,
812 3598 849 3659 et
875 3588 1090 3671 induxerint,
1112 3589 1193 3661 alle·

149 3706 310 3798 gaverint
327 3706 369 3775 ad
383 3706 570 3797 judicium,
584 3706 641 3778 vel
656 3708 716 3800 qui
731 3705 815 3777 talia
832 3707 962 3798 scripta
978 3705 1053 3776 lieri
1072 3728 1193 3798 procu·

150 3818 323 3890 raverint⁸
348 3834 411 3891 aut
436 3822 676 3893 consenseriut
696 3830 737 3892 ut
760 3822 898 3907 tierent,
917 3821 1022 3891 modo
1045 3822 1193 3892 scientes

149 3937 224 4007 haec
253 3938 390 4031 egerint
425 3948 462 4007 et
492 3937 573 4008 dolo
608 3938 711 4008 malo.
775 3937 956 4008 Tenentur
989 3938 1110 4021 etiam,
1137 3938 1194 4031 qni

149 4059 346 4140 citationes,
365 4056 603 4139 inhibitiones,
621 4057 772 4136 decreta,
791 4055 919 4138 edicta,
937 4064 1025 4136 acta,
1041 4053 1099 4126 vel
1117 4057 1197 4127 scri·

192 4223 326 4279 ¹falsum.
392 4223 464 4279 ²ait.
530 4218 620 4280 ³alia.
683 4220 911 4278 ⁴nuntiaverint.
966 4213 1159 4278 ⁶occulenda.

231 4313 405 4375 fiveritatcm
422 4338 474 4374 om.
559 4316 742 4393 7deprivrta.
831 4312 1117 4392 ⁸pronunciavcrint.
