2692 4800
501 319 551 370 nr:
574 318 827 370 rueramus.

270 568 349 654 (lap.
360 587 414 653 33.
440 566 515 631 Sim
528 589 671 632 comem
686 568 769 634 nihil
780 591 838 634 croc
852 569 1059 634 cleomedem.

192 708 354 780 Distrshi
375 707 464 779 nihil
485 717 549 780 aut
565 706 709 778 alienari
727 708 884 801 patimur
900 731 945 778 ex
964 707 1191 778 facultatibus

145 824 333 906 testatoris,
350 823 593 915 cujuscunque
616 824 755 916 generis
779 845 834 893 res
856 833 919 893 aut
942 824 1113 915 possessio
1134 824 1189 905 sit,

144 962 208 1010 nec
232 938 373 1032 scriptis
398 939 586 1031 quicquam
612 946 799 1030 acceptum
826 937 918 1020 ferri,
936 938 1003 1021 vel,
1021 947 1063 1008 ut
1084 937 1190 1031 vulgo

144 1054 349 1149 loquuntur,
373 1053 647 1145 acquietautiam
675 1052 784 1124 ullam
809 1054 881 1125 dari
900 1053 955 1124 vel
979 1053 1024 1124 ab
1045 1053 1191 1123 lraeredi-

145 1171 210 1242 bus
226 1168 285 1242 vel
300 1193 323 1241 a
339 1169 512 1240 bonorum
534 1169 886 1254 administratoribus,
904 1171 969 1240 nisi
994 1171 1192 1240 communis

146 1288 191 1357 sit
207 1286 369 1358 omnium
385 1285 422 1354 in
440 1306 484 1354 eo
507 1306 709 1368 consensus,
727 1285 786 1375 qui
805 1286 1009 1376 juramento
1034 1308 1072 1355 se
1096 1287 1192 1377 prius

146 1401 390 1496 obligaverint.
442 1400 491 1472 Et
509 1402 569 1493 qui
588 1422 688 1471 secus
711 1400 870 1483 fecerint,
889 1400 968 1472 illos
985 1423 1192 1473 excommu-

146 1518 332 1590 nicationis
348 1539 453 1612 poena
469 1515 622 1586 coerceri
641 1514 813 1585 volumus.

238 1729 318 1816 Gap.
333 1748 385 1814 34
411 1729 633 1794 remmon
646 1749 748 1792 cocao
761 1729 860 1812 apoto
874 1728 999 1814 implori
1012 1727 1101 1793 dolet.

197 1868 367 1940 Haeredes
384 1868 440 1939 rel
459 1869 770 1953 administratores,
789 1891 869 1940 oum
893 1871 936 1939 ad
962 1876 1192 1940 testamento·

147 2005 226 2053 mm
243 1981 514 2055 collocationem
532 1984 641 2054 semel
659 1984 794 2054 admoti
812 1992 905 2068 sunt,
924 1986 1018 2055 intra
1037 1985 1191 2077 spatium

147 2099 297 2191 proximi
323 2100 546 2170 succedentis
571 2101 664 2183 anni,
684 2100 752 2181 rel,
771 2110 812 2171 ut
833 2100 971 2194 planius
996 2099 1192 2191 loquamur,

146 2217 239 2287 intra
263 2215 452 2287 duodecim
478 2239 618 2288 menses
642 2241 688 2288 ex
714 2215 776 2288 eo¹
804 2227 964 2310 tempore
988 2241 1059 2310 quo
1085 2227 1193 2287 testa·

146 2341 348 2404 mentorum
364 2333 704 2405 administrationem
732 2343 972 2427 susceperunt,
990 2356 1114 2406 omnes
1139 2356 1193 2403 re-

146 2472 222 2520 rum
256 2449 453 2543 legatamm
485 2449 674 2542 particulas
705 2453 928 2531 emetiamur,
957 2460 995 2521 et
1020 2460 1192 2544 quantum

146 2566 326 2637 testatoris
343 2565 506 2636 voluntas
528 2589 569 2636 ac
586 2566 801 2638 haereditatis
823 2569 912 2638 ratio
930 2567 1055 2649 ferent,
1075 2576 1192 2637 totum

146 2682 212 2753 hoc
229 2683 413 2777 negotium
436 2680 506 2752 illis
531 2684 757 2754 commissum
775 2684 976 2777 plenissime
994 2684 1192 2755 conficient.

145 2796 251 2882 Quod
272 2798 301 2868 si
325 2797 472 2868 definito
490 2812 651 2891 tempore
667 2822 797 2870 munus
814 2799 881 2870 hoc
898 2822 1000 2870 suum
1019 2824 1089 2870 non
1110 2823 1193 2870 con·

145 2913 301 2997 cludant,
314 2936 394 2983 cnm
414 2915 608 2985 ordinarius
626 2914 765 2985 illorum
779 2915 1001 3010 diligentiam
1016 2918 1193 3001 excitarit,

145 3029 175 3098 si
199 3027 251 3098 illi
274 3031 434 3122 poscenti
450 3031 587 3122 justam
608 3054 678 3100 non
706 3033 926 3103 ostenderint
951 3055 1091 3103 causam
1118 3056 1192 3103 snae

145 3145 360 3228 cessationis,
378 3145 622 3217 ecclesiasticis
644 3147 822 3240 suppliciis
839 3147 1193 3240 comprehendantur,

146 3270 184 3332 et
202 3263 312 3334 etiam
334 3264 498 3334 omnibus
522 3272 665 3334 careant
687 3264 871 3348 fructibus,
888 3267 946 3357 qui
969 3263 1131 3336 fuerunt²
1147 3267 1192 3337 ad

146 3375 224 3449 illos
240 3400 287 3448 ex
305 3380 528 3449 testamentis
544 3380 759 3472 perventuri.

172 3605 250 3692 Gap.
265 3624 319 3692 35.
344 3607 473 3688 musam
486 3611 652 3695 separatim
666 3610 799 3676 doeredcs
813 3612 848 3674 in
862 3619 1032 3677 commoto
1047 3616 1166 3678 versari

600 3714 728 3798 potam.

194 3846 232 3918 Si
257 3847 457 3941 complures
483 3851 614 3922 fuerint
638 3853 795 3924 haeredes
813 3854 868 3925 vel
891 3855 1192 3926 administratores

145 3965 271 4034 eodem
298 3965 382 4057 jure
407 3967 606 4051 constituti,
631 3969 885 4064 contingatque
910 3972 1112 4065 qnempiam
1147 3996 1192 4043 ex

145 4078 214 4151 illis
231 4079 287 4151 rel
307 4089 421 4151 morte
437 4082 528 4166 tolli,
540 4082 596 4153 vel
615 4088 810 4158 necessaria
827 4085 951 4159 causa³
968 4089 1193 4182 peregrinari,

147 4195 202 4266 rel
227 4196 277 4267 sic
303 4198 476 4290 impediri,
495 4208 536 4269 ut
561 4202 654 4272 intra
679 4225 742 4272 sex
769 4225 907 4275 menses
932 4214 995 4274 aut
1018 4204 1107 4275 nolit
1130 4215 1194 4277 aut

209 4328 336 4393 'ecana
434 4324 606 4398 '²fuerant.
730 4334 914 4400 ³necessaria
927 4351 1025 4402 nostra
1039 4361 1132 4402 causa
