2692 4800
195 294 266 362 308
513 316 560 363 nn
586 315 931 367 rrruznmrronmus.
1256 316 1288 364 c.
1301 292 1340 365 28

192 468 315 536 menti.
368 465 462 549 Quia
489 470 517 538 si
550 469 846 561 impedimentum
872 493 943 540 non
975 470 1113 549 fuisset,
1140 468 1254 539 habu-

192 583 276 653 isset
297 582 464 653 effectum
487 589 590 654 'suum
614 584 818 678 appellatio.
863 584 1044 656 Volumus
1065 593 1189 656 temen
1211 594 1252 654 ut

192 720 291 768 suam
327 700 550 794 diligentiam
590 703 757 772 ostendat
790 703 884 773 infra
917 711 1060 796 tempus
1102 702 1253 794 impedi·

74 806 83 823 ⁸
192 817 316 900 menti,
348 817 431 908 quia
460 816 564 887 aliter
591 830 752 890 constare
780 843 851 889 non
877 822 989 913 possit
1015 819 1253 912 impedimen-

193 941 269 1002 tum
296 955 436 1002 causam
460 935 686 1024 prraestitisse;
712 960 829 1028 neque
852 937 982 1008 sufficit
1006 936 1159 1030 probare
1185 938 1250 1006 im·

191 1050 438 1142 pedimentum
464 1049 581 1132 fnisse,
600 1053 667 1121 nisi
694 1053 864 1123 doceatur
887 1055 924 1124 id
951 1056 1250 1146 impedimentum

192 1164 299 1235 fuisse
326 1187 465 1236 causam
490 1189 561 1234 non
587 1168 727 1260 agendi,
747 1170 843 1260 quod
869 1169 1041 1262 probatur
1065 1171 1250 1263 probando

192 1283 465 1375 tunctemporis
483 1283 715 1376 diligentiam.

258 1504 334 1589 (lep.
346 1522 396 1590 29.
425 1504 584 1569 Terminus
598 1505 643 1569 ad
656 1505 875 1591 appellandum
888 1517 930 1570 est
944 1506 1042 1570 mm
1056 1505 1189 1571 diorum.
1261 1522 1314 1593 145

244 1649 515 1744 Appellationes
539 1662 577 1722 et
594 1652 799 1723 nullitatum
823 1653 984 1744 querelas
1006 1654 1099 1723 infra
1125 1656 1248 1724 decem

194 1767 287 1839 dies'
304 1769 409 1839 utiles
439 1793 460 1840 a
490 1779 650 1862 tempore
685 1771 821 1840 notitiae
856 1770 936 1841 latae
971 1773 1160 1842 sententiae
1188 1782 1249 1841 aut

193 1887 413 1979 gravaminis,
440 1909 462 1956 a
487 1910 557 1978 quo
580 1910 644 1978 per
669 1887 942 1957 constitutiones
967 1895 1106 1956 nostras
1130 1886 1249 1980 appel-

194 1997 267 2068 lare
292 2000 365 2069 sive
392 2000 573 2092 querelam
601 2000 694 2083 licet,
722 2023 841 2071 coram
860 1999 993 2091 judice,
1021 2022 1043 2068 a
1068 2023 1141 2091 quo
1169 2023 1246 2091 pro·

195 2125 350 2197 vocatur,
369 2118 444 2187 fieri
470 2117 643 2188 volumus.

247 2323 323 2408 Cap.
335 2345 387 2409 30.
411 2325 459 2388 De
474 2325 613 2388 terminis
626 2325 672 2388 od
679 2322 919 2409 prosequendam
933 2333 960 2386 et
974 2320 1202 2404 adficiendam

540 2449 664 2491 causam
678 2426 901 2512 appellationis.

247 2566 337 2635 (lum
357 2569 434 2657 quis
452 2566 692 2660 appellaverit,
712 2566 768 2635 vel
787 2568 832 2637 de
851 2564 1017 2635 nullitate
1036 2574 1247 2655 conquestus

195 2682 311 2765 fuerit,
329 2684 393 2753 nisi
422 2686 511 2753 infra
537 2686 625 2753 duos
652 2707 790 2752 menses
813 2707 833 2751 a
854 2693 1016 2775 tompore
1041 2681 1248 2773 appellatio-

195 2801 249 2868 nis
283 2802 356 2869 sive
391 2799 542 2892 querclae
577 2801 793 2892 interpositae
829 2801 976 2869 eandem
1014 2809 1247 2890 prosequutus

196 2916 313 3000 fuerit,
332 2927 368 2986 et
386 2917 545 3007 judicem
568 2940 588 2985 a
612 2940 682 3006 quo
707 2917 751 2985 de
775 2917 1022 3007 prosecutione
1046 2916 1262 3008 hujusmodi·

194 3055 258 3123 per
275 3035 479 3103 citationem
499 3032 555 3102 vel
579 3032 824 3101 inhibitionem
850 3034 1037 3125 superioris
1061 3032 1244 3101 certiorem

195 3149 329 3230 fecerit,
348 3174 388 3219 ac
410 3151 500 3219 infre
523 3173 587 3219 sex
611 3172 799 3230 mensos,n
820 3150 890 3218 line
915 3150 1069 3242 ipsorum
1097 3148 1245 3216 duomm

196 3269 369 3336 mensium
388 3267 632 3347 numerandos,
652 3268 761 3357 ipsam
780 3265 1052 3359 appellationem
1072 3266 1147 3334 sive
1166 3287 1246 3356 que-

195 3383 304 3452 relam
320 3384 492 3477 (legitimo
511 3384 767 3476 impedimento
785 3392 954 3465 cessante,
970 3383 1064 3473 quod
1082 3405 1104 3450 a
1114 3381 1245 3471 judice,

196 3522 309 3589 aquo
336 3500 553 3591 appellatum
580 3510 645 3582 est,
669 3498 934 3591 approbandum
962 3499 1045 3589 erit)
1072 3498 1163 3565 finiri
1188 3497 1245 3565 ob-

197 3615 352 3697 tinuerit,
372 3615 556 3684 sententiae
581 3625 703 3683 centra
724 3637 805 3682 eum
824 3614 920 3706 prius
942 3613 1025 3683 latae
1044 3620 1137 3681 stare
1155 3635 1246 3681 com-

196 3731 370 3823 pelletur:
398 3745 434 3801 et
459 3733 604 3801 debebit
628 3732 704 3821 ejus
726 3728 916 3822 appellatio
939 3729 1077 3799 deserte
1103 3729 1243 3798 censeri.

195 3845 400 3916 Terminum
432 3871 515 3917 vere
549 3847 593 3915 ad
629 3846 909 3937 prosequendam
942 3845 1042 3914 litem
1073 3846 1196 3914 datum
1226 3869 1245 3912 a

198 3964 275 4058 lege
305 3965 531 4036 concedimus
561 3986 642 4033 cnm
670 3964 833 4052 ajndice
864 3972 941 4031 tum
973 3963 1017 4031 ab
1048 3961 1245 4053 appellante

196 4105 296 4171 posse
314 4082 487 4165 imminui,
506 4103 576 4148 non
595 4089 713 4148 antem
734 4077 923 4171 prorogari.
