2692 4800
461 342 509 391 on
534 341 876 392 naunnnnnonrnns.
1122 330 1194 395 305

143 498 241 569 illam
260 506 298 567 et
316 506 448 567 certam
468 506 504 565 et
528 495 713 589 specialem
738 520 813 565 esse
834 506 985 589 oportet,
1005 520 1084 567 cnm
1104 520 1196 567 sern-

145 616 344 708 perforare
368 615 413 683 sit
437 611 492 682 vel
516 612 561 681 de
584 613 745 704 prasenti
771 611 826 680 vel
851 612 895 681 ‹le
921 615 1098 704 praeterito
1119 637 1197 707 gra-

146 731 298 802 vamine.
344 728 519 799 Praeterea
540 727 723 819 injudicio
747 752 852 800 carisa
869 728 1069 822 appellandi
1088 731 1197 802 debet

146 866 222 915 esse
241 865 333 912 vera.
385 841 455 911 Sed
474 850 576 911 extra
592 841 766 932 judicium
790 844 875 912 satis
898 853 952 912 est
977 844 1072 936 quod
1093 865 1199 913 causa

148 961 192 1029 sit
229 955 425 1029 verisimilis
458 970 497 1027 et
531 954 729 1047 probabilis,
766 967 805 1025 nt
838 965 927 1049 puta
961 959 1199 1029 verisimiliter

150 1075 252 1144 timui
280 1072 416 1166 gravari
444 1072 480 1140 in
506 1072 723 1163 possessione
749 1068 914 1162 alicujus¹
943 1072 1003 1151 rei,
1029 1071 1112 1141 lieet
1138 1072 1199 1142 ad-

150 1190 218 1259 hue
242 1210 312 1259 non
340 1209 419 1257 snm
446 1197 620 1280 gravatus,
647 1188 768 1256 tainen
797 1197 899 1256 extra
919 1188 1094 1277 judicium
1121 1211 1200 1279 pos-

152 1328 227 1375 sum
252 1303 441 1398 appellare.

153 1511 227 1597 Gap.
242 1531 294 1575 20.
321 1511 396 1574 Oum
411 1509 585 1595 appelletur
599 1533 618 1573 α
634 1511 800 1594 (panitiae,
818 1510 887 1575 lieet
901 1511 991 1575 auur
1004 1533 1091 1596 opere
1109 1532 1200 1597 prtum

370 1613 405 1678 iu
419 1611 494 1678 uliae
509 1611 763 1699 appellationibus
774 1614 984 1696 permittatur.

201 1769 246 1838 In
279 1767 514 1862 appellatione
542 1791 563 1839 a
594 1769 775 1839 definitiva
809 1769 986 1839 sententia
1019 1793 1100 1839 cunr
1132 1792 1202 1840 non

154 1888 198 1956 sit
225 1885 463 1956 necessarium
490 1907 630 1954 eausam
662 1886 871 1976 exprimere,
901 1884 1094 1978 appellans,
1120 1910 1201 1955 cunr

155 2024 260 2073 unam
290 2023 432 2072 oausam
462 2002 665 2093 exposuerit
696 2001 732 2068 in
762 2002 909 2095 agendo,
936 2000 1041 2071 aliam
1073 2003 1204 2094 poterit

155 2119 330 2211 prosequi,
357 2126 394 2188 et
424 2125 504 2209 post
534 2139 624 2199 earn,
650 2116 765 2199 aliam,
793 2117 908 2207 quoad
940 2117 971 2186 ei
1003 2099 1203 2210 suppetent.

156 2234 226 2306 Sed
253 2235 291 2304 in
317 2234 394 2305 aliis
418 2232 723 2327 appellationibus,
750 2256 831 2301 oum
858 2233 987 2302 debeat
1014 2256 1119 2304 eausa
1144 2258 1207 2303 ex·

155 2352 269 2443 primi,
295 2373 368 2421 non
395 2351 527 2444 poterit
555 2350 642 2419 citra
672 2371 873 2441 expressam
901 2348 970 2418 alia
999 2351 1141 2420 tractari
1170 2352 1205 2420 in

156 2468 412 2560 prosecutione.

157 2691 295 2776 Caper.
314 2690 423 2754 Ouraru
433 2710 491 2773 qao
498 2688 606 2772 jactiee
617 2687 829 2772 appelletiani
844 2710 940 2752 ceusu
951 2690 990 2753 sit
999 2690 1207 2775 preponendo,

461 2801 488 2854 et
503 2812 605 2854 eorum
619 2813 676 2876 quo
683 2791 897 2874 justificanda.

205 2932 322 3003 Causa
346 2931 592 3024 appellationis
618 2954 700 3000 cum
729 2940 783 3001 est
814 2932 1056 3024 exprimenda
1088 2954 1205 3002 eoram
1306 2963 1315 2977 ·

152 3049 282 3139 judiee'
300 3069 408 3138 aquo
430 3045 648 3138 appellatum
673 3055 736 3128 est,
756 3056 981 3140 proponetur,
1000 3049 1066 3116 nisi
1092 3057 1209 3118 rnetus

159 3165 269 3244 obeat,
300 3172 338 3234 et
369 3164 396 3231 si
431 3163 533 3255 eopia
563 3163 638 3253 ejus
665 3160 785 3232 haberi
812 3171 958 3254 potest;
993 3164 1055 3233 sed
1090 3186 1207 3235 eoram

153 3280 285 3370 judice,
302 3281 345 3350 ad
364 3301 469 3371 quem
489 3278 704 3371 appellatum
724 3275 806 3360 est2,
821 3278 1083 3370 justificabitur.

204 3512 283 3597 Cap.
297 3528 347 3573 22.
372 3511 409 3573 Si
424 3510 608 3594 exceptiones
622 3508 766 3594 leeitimca
781 3531 848 3573 eum
857 3508 1087 3594 probationibus
1101 3513 1167 3592 offi-

264 3624 376 3680 raetur
382 3613 498 3697 judici,
513 3614 541 3677 si
555 3613 686 3697 rejectur²³
694 3614 829 3697 suerint,
844 3624 870 3677 et
886 3614 984 3677 licite⁴
1002 3614 1103 3699 oppul-

425 3715 518 3793 Iutur,
533 3726 560 3779 et
564 3715 756 3799 justificatur·
769 3715 945 3801 appellatio.

222 3872 462 3964 Exceptiones
510 3870 676 3963 legitima
724 3881 761 3939 et
805 3893 926 3940 earum
977 3869 1214 3961 probationes,

160 3990 300 4081 quando
324 3988 437 4080 judici
466 3986 592 4056 oblatae
621 3989 761 4069 fuerint,
788 3988 815 4055 si
845 3987 890 4057 ab
919 4009 1059 4055 eonon
1085 3984 1215 4054 adrnit·

101 4178 104 4185 ,
161 4116 291 4186 tantur,
314 4107 414 4196 justa
443 4126 548 4174 causa
583 4104 758 4195 praebetur
791 4103 1019 4195 appellandi;
1061 4103 1145 4192 quin
1176 4110 1214 4170 et

162 4221 351 4316 appellatio
385 4241 502 4290 coram
528 4218 660 4309 judice,
686 4219 731 4288 ad
763 4241 869 4309 quem
898 4226 1128 4311 provoeatum
1160 4225 1215 4285 est

244 4356 395 4417 'alterius
499 4357 569 4414 ²est
584 4377 636 4413 orn.
742 4352 791 4413 ³si
808 4366 902 4413 recta.
1009 4355 1131 4411 ⁴licitae.

675 4477 704 4526 X
