2692 4800
495 329 861 384 uavrsrrnrronmus.
1124 312 1194 379 133

139 492 199 584 jus
223 489 407 582 pertinent
431 485 731 566 ecclesiasticum
765 491 909 553 etcum
934 479 1039 575 plene
1064 480 1198 551 fuerint

145 605 340 686 intellecta,
352 605 468 697 justas
488 602 626 696 legibus
648 623 769 695 poenus
790 600 886 680 dent,
905 608 943 670 et
964 598 1132 670 acerbum
1152 597 1198 669 ab

146 721 214 794 illis
231 719 443 814 supplicium
462 720 632 811 capiatur.

321 931 398 1017 (lap.
410 953 441 1014 4.
466 931 542 1012 Qaae
554 931 625 1010 deu,
641 941 668 996 ct
680 952 703 995 a
716 928 825 1016 quibas
831 927 1024 1015 medenda.

199 1069 341 1140 Deinde
363 1069 618 1162 providendum
641 1069 718 1152 erit,
737 1078 777 1139 ut
800 1069 860 1161 qui
883 1065 1062 1138 beneficiis
1085 1061 1198 1136 eccle-

148 1186 298 1256 siasticis
331 1193 491 1265 utuntur,
519 1208 642 1257 omnes
672 1185 795 1256 domos
829 1186 874 1256 ad
908 1207 946 1256 se
979 1183 1198 1277 pertinentes

151 1300 344 1372 emendent
370 1309 408 1370 et
428 1301 688 1383 reconcinneut,
705 1299 773 1371 hoc
797 1306 958 1391 excepto,
976 1295 1071 1390 quod
1094 1315 1199 1386 supe·

149 1416 282 1486 riorum
306 1416 344 1484 in
367 1413 524 1486 ecclesiis
551 1415 718 1498 locorum,
736 1438 813 1507 quae
838 1412 995 1485 caucella
1019 1417 1197 1490 vocantur,

149 1531 443 1603 instaurationem
461 1540 499 1602 et
515 1533 744 1604 refectionem
764 1555 834 1602 non
851 1531 896 1602 ad
916 1530 1061 1600 vicarios
1079 1524 1200 1597 devol-

149 1649 196 1731 vi,
222 1648 355 1719 esdad
379 1656 533 1719 rectores
558 1649 652 1741 ipsos
676 1657 849 1743 perpetuo
874 1647 995 1718 referri
1026 1644 1198 1716 volumus.

150 1763 312 1856 Reliquae
335 1786 419 1834 vero
443 1764 656 1858 templorum
682 1775 799 1859 partes
826 1764 881 1834 his
904 1764 963 1855 qni
991 1763 1027 1832 iu
1049 1759 1201 1854 paroecia

149 1879 316 1951 habitant
343 1881 483 1950 tneudae
506 1883 789 1974 corrigendaeque
812 1878 1065 1972 relinquentur.
1104 1875 1201 1946 Prae-

149 2005 260 2078 terea,
288 1997 499 2067 ooemeteriis
532 1999 688 2089 undique
722 1995 1013 2077 communiendis,
1040 1993 1130 2063 vasis
1163 2000 1202 2062 et

148 2113 397 2183 instrumentis
420 2112 584 2183 omuibus
610 2111 857 2183 ecclesiasticis
879 2109 1141 2204 perpurgaudis,
1164 2117 1202 2178 et

149 2254 218 2302 sno
235 2231 272 2300 in
290 2229 369 2300 loco
386 2228 609 2311 collocandis,
626 2229 873 2323 invigilabnut.

320 2439 397 2525 cap.
406 2458 439 2526 5.
461 2440 629 2506 Poena
644 2441 679 2505 a
693 2440 827 2526 oneres
840 2438 1029 2527 latmo.
1146 2396 1150 2405 ’

204 2580 411 2653 Videndum
436 2582 545 2652 etiam
569 2583 636 2651 crit
658 2603 703 2651 an
725 2582 759 2650 in
782 2581 887 2651 rebus
909 2579 991 2650 fidei
1012 2602 1087 2650 snae
1107 2601 1203 2649 com·

149 2699 268 2769 missis
286 2699 385 2792 juste
409 2699 480 2767 sint
501 2706 539 2768 et
564 2696 752 2790 diligenter
774 2698 912 2766 versati.
965 2694 1109 2789 Quique
1131 2717 1203 2764 non

150 2812 344 2907 paruerint,
362 2821 424 2882 aut
448 2812 563 2882 officio
587 2813 700 2882 functi
727 2835 798 2883 uon
821 2812 954 2882 fuerint
977 2812 1013 2881 in
1040 2809 1203 2881 omuibus

151 2926 224 2999 illis
255 2928 376 3013 causis,
403 2950 489 3021 quas
523 2938 608 2998 aute
636 2928 826 3021 posuimus,
852 2927 889 2997 iu
919 2926 1203 2997 excommunica-

151 3044 262 3116 tionis
303 3068 444 3138 poenam
487 3045 655 3126 incidant,
698 3053 762 3115 aut
804 3043 968 3115 ordinarii
1012 3043 1204 3135 puniantur

151 3161 338 3233 arbitratu.

231 3372 309 3458 (lap.
321 3377 352 3437 6.
375 3373 574 3438 Solvendaw
591 3371 942 3456 miratoritunytuam
955 3371 1130 3437 mercedem.

206 3511 383 3596 Quoniam
409 3523 530 3583 autem
556 3513 654 3584 labor
679 3515 822 3606 praemio
846 3536 964 3583 carere
991 3535 1061 3582 uon
1086 3511 1203 3593 debet,

153 3627 436 3721 archiepiscopus
455 3630 481 3698 si
500 3629 727 3722 provinciam,
739 3629 795 3699 vel
813 3630 997 3723 episcopus
1014 3628 1203 3709 dioecesim,

155 3743 215 3814 vel
232 3744 497 3816 archidiaconns
519 3746 676 3839 proprias
700 3747 753 3816 sui
771 3748 926 3816 muneris
949 3745 1123 3828 ecelesias,
1141 3754 1205 3815 aut

155 3859 218 3932 alii
248 3882 338 3943 snas,
367 3885 578 3954 quoeunque
608 3862 857 3954 praefectorum
888 3862 1205 3933 ecclesiasticorum

153 3976 301 4046 nomine
324 3987 543 4060 censeantur,
562 3979 707 4048 visitent
727 3988 764 4048 et
788 3976 1014 4070 perlustrent,
1033 3986 1070 4047 et
1093 3983 1206 4047 coetus

154 4090 206 4163 ibi
235 4091 411 4163 solemnes
441 4102 478 4164 et
508 4095 657 4166 usitatos
683 4093 848 4176 habeant,
874 4091 1095 4185 reliquosque
1125 4091 1206 4162 visi-

153 4209 300 4282 tationis
317 4207 495 4304 legitimos
516 4212 603 4281 ritus
625 4210 838 4291 adhibeaut;
865 4209 1028 4279 omnibus
1045 4209 1206 4279 fruantur

358 4346 365 4385 ¹
381 4350 556 4409 solvendum.
761 4355 773 4396 ²
786 4347 1001 4407 visitationibus.
