2692 4800
472 266 520 316 DE
545 267 685 320 mvmls
710 266 872 320 ormena

394 916 464 988 DE
489 915 697 991 DIVINIS
723 915 954 992 OFFICIIS.

146 1111 223 1197 (lap.
239 1132 266 1176 1.
293 1114 343 1177 Dc
356 1113 540 1199 ternporibas
554 1113 729 1179 divisorum
746 1113 912 1200 officiam
926 1114 961 1179 tn
975 1112 1193 1181 matta

378 1215 510 1281 cocloeiia
523 1226 550 1282 a
565 1216 696 1304 ooHayiis
711 1215 965 1283 abbanem

197 1356 239 1426 ln
257 1356 508 1450 principalibus
529 1356 698 1440 ecelesiis,
715 1379 801 1449 quas
820 1355 1042 1428 cathedrales
1060 1367 1193 1439 vocant,

144 1481 182 1542 et
200 1472 236 1542 in
254 1471 423 1566 collegiis,
441 1473 560 1543 divina
577 1471 740 1543 volumus
757 1472 872 1543 officia
888 1472 1050 1565 quotidie
1067 1475 1194 1569 peregi,

146 1590 446 1681 quemadmodum
471 1589 562 1661 ratio
589 1591 726 1662 dierum
753 1588 956 1682 postulabit,
981 1589 1038 1662 vel
1066 1590 1199 1686 proles

145 1717 264 1779 torum
283 1706 339 1777 vel
356 1707 540 1779 festorum.
569 1707 797 1800 Quapropter
813 1707 1095 1778 antemeridiano
1112 1731 1196 1801 quo-

147 1825 242 1918 piam
277 1826 503 1896 convenienti
535 1835 694 1917 tempore
727 1845 868 1916 preces,
894 1845 981 1916 quas
1015 1823 1196 1918 appellant

147 1943 350 2022 matutinas,
369 1943 508 2013 recitari
536 1940 663 2034 placet,
685 1941 854 2034 appositis
879 1939 986 2011 etiam
1013 1939 1096 2026 illis,
1119 1964 1196 2035 quae

145 2081 208 2149 pro
233 2058 492 2128 communionis
513 2057 628 2127 officio
650 2056 853 2150 praescripta
874 2064 968 2126 sunt.
1022 2053 1072 2127 Et
1088 2057 1196 2128 inter-

147 2185 265 2244 currat
292 2175 329 2244 in
360 2172 505 2268 singulis
534 2173 659 2245 diebus
688 2171 861 2243 Mercurii
891 2179 929 2242 et
955 2169 1112 2244 Veneris
1136 2171 1196 2245 illa

148 2289 315 2362 solemnis
338 2290 558 2384 supplicatio
577 2313 654 2382 quae
678 2288 802 2360 litania
825 2288 1008 2358 nominata
1024 2296 1090 2359 est.
1141 2289 1196 2361 Si·

145 2406 280 2478 militer
305 2416 466 2499 tempore
489 2407 729 2500 pomeridiano
758 2408 966 2499 vespertinae
988 2425 1113 2497 preces
1137 2406 1197 2477 ad-

145 2522 344 2593 hibeantur.

288 2737 365 2823 Cap.
380 2756 408 2801 a.
439 2739 499 2816 Qui
513 2737 629 2801 diplois
644 2736 751 2822 ficiis
765 2737 902 2800 interesse
917 2733 1051 2800 debcant.

194 2877 330 2950 Omnes
348 2902 435 2971 qnos
456 2880 642 2949 canonicos
661 2888 788 2948 vocant
809 2886 846 2947 et
864 2877 1020 2960 clericos,
1040 2877 1100 2970 qui
1120 2879 1195 2968 qui-

145 2997 224 3066 dem
262 2995 488 3067 ecclesialum
524 2996 690 3088 impensis
724 3003 977 3076 sustentantur,
1005 2993 1051 3062 ad
1086 3002 1195 3065 statas

143 3137 265 3206 preces
288 3100 511 3195 conveniant,
533 3125 607 3183 tam
633 3112 800 3181 matutini
828 3133 935 3202 quam
962 3110 1194 3202 pomeridiaui

144 3232 322 3323 temporis,
352 3240 389 3301 et
423 3229 492 3299 illis
522 3228 634 3299 indies
669 3228 842 3310 intersint,
873 3228 940 3297 nisi
967 3229 1105 3320 justam
1135 3227 1194 3297 ab·

144 3348 265 3418 sentiae
284 3375 286 3378 ⁴
299 3347 434 3440 possint
468 3346 734 3416 excusationem
764 3343 898 3413 afferre.
960 3340 1081 3413 Ceteri
1114 3354 1261 3423 ver043

146 3469 174 3536 si
203 3489 274 3536 non
300 3466 574 3558 comparuerint,
600 3464 772 3534 arbitratu
799 3464 1024 3543 decanorum,
1044 3460 1100 3533 vel
1127 3462 1195 3533 illis

146 3583 350 3653 absentibus
378 3605 521 3652 suorum
547 3581 767 3664 vicariorum,
792 3590 891 3651 certa
915 3578 1075 3672 pecuniae
1101 3601 1195 3650 sum-

148 3722 207 3769 ma
224 3698 435 3791 plectantur.
486 3696 557 3767 Sed
582 3706 702 3768 tamen
721 3696 846 3767 diebus
863 3695 1027 3788 profestis
1053 3692 1194 3765 illorum

147 3839 230 3886 sane
257 3815 383 3886 studiis
410 3815 595 3907 parcimus,
614 3815 673 3906 qui
699 3813 867 3884 doctrinae
893 3834 998 3882 causa
1023 3833 1061 3882 se
1088 3810 1195 3881 collo-

148 3941 317 4003 caverunt
346 3934 383 4001 in
412 3932 672 4001 academiarum
700 3928 867 4023 collegiis,
894 3950 982 4020 quos
1009 3936 1133 3999 tamen
1159 3937 1195 3999 et

147 4051 240 4141 ipsos
270 4049 306 4117 in
337 4049 501 4118 omnibus
531 4048 625 4117 feriis
656 4047 836 4116 universos
867 4045 903 4113 in
933 4045 1040 4114 sacris
1075 4044 1194 4114 officiis

148 4167 270 4238 adesse
299 4166 527 4258 praecipimus,
552 4166 616 4235 nisi
646 4164 691 4234 ob
722 4162 951 4233 concionandi
981 4183 1110 4231 munus
1137 4160 1194 4230 ab·

149 4284 288 4353 fuerint.
