2692 4800
421 310 471 361 nn
495 310 585 362 arus
610 308 914 362 cournsrrmonn.
1118 292 1191 357 215

145 463 279 545 bendis,
292 484 355 532 seu
372 463 553 554 quibusvis
571 462 750 534 beneficiis
766 463 1021 546 ecclesiasticis,
1036 463 1191 543 decimis,

146 579 269 659 usuris,
287 586 326 647 et
342 580 499 662 notoriis,
516 579 644 671 quibus
660 580 822 649 addimus
843 580 951 649 etiam
974 581 1192 650 matrimoni·

145 693 218 767 ales
234 714 370 766 caum.
406 692 449 763 ln
463 693 518 765 his
535 696 630 767 enim
648 693 856 788 simpliciter
869 693 914 764 de
930 693 1045 786 plano,
1060 695 1192 787 absque

145 812 258 882 forma
292 820 331 881 et
360 808 474 904 figura
496 809 633 903 judicii,
662 809 806 902 procedi
837 811 1086 901 permittimus,
1149 811 1190 880 In

145 926 385 998 criminalibus
405 926 614 1008 actionibus,
632 925 772 1017 quando
790 925 923 995 crimen
943 923 1030 995 nonl
1053 935 1109 996 est
1130 948 1192 996 no·

145 1041 288 1124 terium,
306 1052 415 1113 testes
433 1041 624 1136 recipiendi
641 1064 711 1111 non
727 1044 822 1124 sunt,
841 1042 906 1112 nisi
925 1041 968 1112 lis
985 1042 1093 1111 fuerit
1111 1064 1195 1111 con·

145 1166 288 1241 testata,
305 1159 446 1242 cumis,
464 1158 564 1251 cujus
586 1158 704 1252 agitur
726 1179 840 1238 causa,
858 1158 895 1227 in
922 1157 964 1228 iis
988 1158 1193 1250 gravissime

145 1276 375 1370 periclitatur.

336 1484 467 1555 Qsmado
482 1505 541 1548 nco
556 1483 727 1568 requiritur
740 1483 805 1550 litis
819 1484 1002 1548 contestatio.

193 1621 283 1697 Non
313 1624 503 1714 requiritur
529 1621 741 1692 contestatio
772 1620 854 1700 litis,
884 1621 945 1690 ubi
977 1644 1047 1691 nou
1078 1621 1195 1714 agitur

146 1746 270 1809 contra
285 1747 420 1809 certam
436 1759 630 1831 personam,
649 1737 711 1806 sed
730 1745 870 1807 tantum
882 1736 996 1828 judici
1014 1735 1195 1806 concludi·

146 1863 227 1938 tur;
258 1854 418 1946 quamvis
440 1851 590 1922 aliorum
612 1860 792 1943 utcunque
816 1851 952 1923 utilitas
975 1863 1013 1923 et
1034 1853 1195 1945 praejudi·

146 1970 240 2041 cium
269 1970 493 2062 attingatur3
537 1969 624 2039 item
654 1968 716 2039 ubi
743 1991 849 2039 causa
877 1991 975 2040 mere
1004 1968 1195 2063 spiritualis

146 2085 265 2168 fuerit,
284 2108 365 2177 quae
386 2084 521 2177 absque
541 2085 689 2176 alicujus
711 2085 936 2156 incommodo
954 2093 1139 2171 tractetur,
1157 2087 1194 2155 in

147 2201 333 2272 sententiis
357 2200 644 2283 interlocutoriis,
662 2211 700 2270 et
721 2202 907 2271 sententiis
933 2225 1102 2283 censurae,
1128 2225 1194 2273 nec

146 2312 216 2385 rion
238 2315 493 2407 quaestionibus
514 2316 787 2410 emergentibus,
806 2318 840 2385 in
867 2317 1031 2387 omnibus
1048 2317 1195 2389 notoriis

146 2440 184 2502 et
208 2432 408 2502 summariis
432 2432 662 2525 processibus,
680 2442 788 2524 atque
815 2456 897 2502 cum
916 2435 977 2524 jus
997 2433 1124 2528 agendi
1149 2434 1194 2503 ad

146 2546 326 2641 publicum
341 2548 568 2618 commodum
581 2547 752 2640 dirigitur.
781 2549 822 2617 In
838 2550 1065 2641 inquisitione
1078 2549 1195 2620 crimi-

147 2688 232 2735 num
250 2665 279 2734 si
297 2687 374 2734 eam
393 2664 567 2757 quispiam
585 2665 798 2756 impetravit,
815 2675 852 2736 et
870 2667 945 2757 ejus
961 2674 1197 2759 prosequutor

147 2782 266 2862 fuerit,
292 2780 365 2850 litis
390 2782 602 2850 contestatio
628 2778 858 2852 adhibeatur:
883 2783 944 2852 sed
968 2784 995 2851 si
1015 2782 1131 2874 judex
1149 2806 1194 2853 ex

147 2896 262 2967 officio
282 2919 346 2967 suo
367 2907 493 2989 sponte
510 2906 706 2978 moveatur,
725 2897 797 2966 litis
814 2898 1075 2968 contestatione
1092 2899 1196 2968 mini·

146 3035 205 3084 me
222 3034 311 3105 opus
333 3014 410 3082 erit.
463 3011 536 3083 Ubi
561 3012 634 3084 litis
657 3015 871 3084 contestatio
897 3036 967 3082 non
994 3013 1194 3103 requiritur,

147 3126 310 3198 volumus
326 3138 367 3198 ut
386 3129 518 3221 primus
535 3137 647 3211 aetus,
664 3130 724 3221 qui
742 3138 822 3222 post
840 3128 940 3199 litem
958 3137 1194 3199 contestatam

147 3246 222 3317 fieri
249 3244 340 3316 solet
360 3246 417 3330 (ut
440 3253 495 3315 est
518 3246 674 3338 receptio
696 3246 839 3315 testium
859 3254 896 3316 et
920 3247 955 3316 id
979 3266 1092 3339 genus
1112 3245 1195 3342 elia)

147 3362 374 3455 exceptiones
391 3360 578 3445 dilatorias,
597 3383 684 3454 quas
708 3362 784 3453 ipsa
805 3361 877 3432 litis
901 3362 1116 3433 contestatio
1133 3386 1195 3434 ex-

147 3477 289 3549 cludere
314 3477 460 3559 solebat,
489 3480 629 3570 penitus
654 3477 832 3559 excludat,
859 3479 1002 3570 vimque
1028 3489 1065 3550 et
1090 3477 1194 3552 effec-

147 3603 225 3665 tum
260 3595 369 3687 ipsius
411 3592 484 3664 litis
526 3594 793 3665 contestationis
836 3596 944 3666 etiam
988 3598 1023 3667 in
1068 3601 1195 3671 ceteris

147 3713 292 3780 omniuo
317 3710 457 3781 habeat.

349 3921 407 3986 Vel
419 3922 455 3986 de
470 3922 533 3986 la‘tis
548 3926 987 3990 murmurmurmur.

197 4058 492 4151 Quandoquidem
516 4061 551 4130 in
573 4064 686 4132 causis
708 4064 752 4133 ad
771 4065 887 4133 forum
905 4073 1062 4134 nostrum
1082 4064 1194 4134 eccle-

146 4175 324 4245 siasticum
343 4177 602 4268 pertinentibus
619 4180 896 4272 quibuscunque,
908 4180 1025 4251 nullus
1043 4180 1193 4259 libellus,

593 4314 600 4351 ¹
617 4338 674 4374 non
690 4339 741 4375 cun
