2692 4800
143 281 251 340 xxxviii
453 277 615 336 TABULA
634 275 885 336 TITULORUM.

165 455 194 513 3.
216 432 431 510 Resignationia
444 433 592 509 negotium
606 451 664 490 non
677 440 773 508 potest
787 432 913 491 inchoari
927 432 987 490 sine
1002 432 1130 491 authori·

245 539 305 590 tate
319 530 453 589 ordinarii
456 574 1096 591 ................................
1111 550 1139 605 p.
1154 544 1188 604 71

164 649 194 706 4.
217 630 286 688 Non
299 629 367 687 licet
381 629 550 686 sententiam
564 627 701 686 cessionis
715 635 825 685 mutare
848 671 1123 687 ..............
1153 627 1191 684 ib.

167 745 194 805 5.
216 728 288 786 Oedi
301 745 359 784 non
373 745 457 802 posse
471 725 615 784 benefieiis
629 724 827 783 ecciesiasticis
840 742 891 800 per
906 731 1131 799 procuratores..
1153 724 1191 780 ib.

325 964 378 1020 DE
396 963 700 1020 PERMUTATIONE
719 961 1014 1020 BENEFICIORUM

469 1058 863 1116 ECCLESIASTICORUM.

167 1200 193 1239 r.
215 1181 369 1251 Quomodo
382 1184 554 1258 permutatio
567 1182 704 1258 procedat
726 1224 1121 1241 ....................
1155 1197 1191 1255 72

166 1299 193 1338 2.
216 1280 369 1349 Quomodo
383 1281 520 1338 beneficia
534 1281 708 1338 diversarum
723 1280 875 1338 dioecesum
890 1278 1046 1355 permutari
1062 1297 1129 1354 pos·

245 1378 304 1434 sint
321 1421 1119 1438 ........................................
1153 1376 1192 1433 ib.

162 1494 193 1549 3.
216 1475 289 1545 Quae
303 1475 441 1533 beneficia
453 1484 573 1552 possunt
586 1476 615 1532 in
631 1494 716 1533 omne
726 1483 838 1552 tempus
852 1475 1008 1551 permutari
1011 1518 1119 1536 ......
1155 1491 1190 1547 73

164 1592 194 1646 4.
215 1573 400 1640 Permutatio,
415 1574 439 1630 si
453 1573 598 1632 bonafide
612 1592 671 1630 non
684 1574 744 1642 fiat,
757 1573 836 1632 nulla
848 1583 892 1632 est
931 1618 1122 1633 ..........
1153 1572 1192 1629 ib.

501 1813 553 1868 DE
572 1812 830 1869 PURGATIONE.

168 1956 193 1995 ι.
217 1935 277 1995 Cur
288 1936 419 2012 legitima
431 1938 565 2013 purgatio
579 1938 616 1995 sit
630 1938 761 1997 instituta
768 1982 1121 1999 ..................
1155 1954 1191 2011 73

165 2053 192 2093 a.
215 2034 338 2105 Quando
351 2035 515 2110 purgationi
529 2036 608 2092 locus
622 2045 666 2093 est
687 2079 1121 2096 ......................
1156 2051 1194 2109 74

164 2149 192 2207 3.
214 2131 337 2202 Quando
351 2132 483 2209 purgatio
497 2151 556 2189 non
570 2132 703 2190 indicitur
727 2174 1124 2193 ....................
1156 2131 1193 2187 ib.

163 2249 192 2303 4.
214 2230 362 2287 Damnatis
376 2229 406 2286 in
420 2229 495 2287 civili
511 2230 619 2306 judicio
633 2249 691 2288 non
706 2238 750 2288 est
764 2250 835 2307 opus
856 2228 1047 2288 ecclesiastiea
1063 2247 1132 2304 pur-

244 2326 361 2402 gatione
399 2371 1120 2388 ....................................
1152 2326 1192 2383 ib.

164 2436 192 2501 5.
214 2423 337 2494 Quando
351 2422 569 2499 praemonendus
583 2424 620 2480 sit
635 2442 700 2481 reus
714 2432 779 2482 ante
794 2424 993 2500 purgationem
1013 2468 1121 2483 ......
1155 2438 1172 2498 7
1175 2438 1191 2498 5

165 2521 193 2579 6.
216 2521 418 2597 Purgationem
446 2521 603 2597 legitimam
632 2521 783 2597 aliquando
810 2523 923 2598 publica
950 2520 1132 2580 denunciatio

245 2619 380 2695 praecedit
402 2661 1122 2679 ....................................
1156 2617 1194 2692 76

168 2730 196 2794 7.
218 2717 341 2786 Quando
355 2716 567 2792 suspenduntur
580 2717 708 2774 nondum
721 2718 836 2794 purgati
851 2761 1120 2778 ..............
1155 2716 1193 2773 ib.

169 2814 196 2871 8.
219 2815 304 2871 Ratio
319 2813 497 2893 purgationis
524 2860 735 2874 ...........
747 2861 754 2899 :
769 2859 1120 2875 ..................
1154 2813 1193 2870 ib.

164 2930 193 2988 9.
215 2912 323 2982 Quales
336 2931 398 2971 esse
413 2913 517 2970 debent
530 2921 700 2989 purgatores
728 2957 1122 2977 ....................
1157 2926 1192 2986 77

148 3030 194 3069 10.
217 3013 363 3071 Numerus
377 3013 559 3088 purgantium
567 3055 1123 3071 ............................
1154 3009 1193 3066 ib.

147 3127 194 3166 11.
216 3109 312 3167 Nemo
327 3110 411 3168 debet
424 3110 490 3186 cogi
504 3110 540 3167 ad
554 3108 639 3166 elium
653 3108 832 3185 purgandum
853 3153 1125 3168 ..............
1156 3107 1194 3164 ib.

149 3225 194 3265 ra.
215 3208 338 3278 Quando
352 3207 442 3282 possit
456 3208 492 3264 ab
505 3206 613 3264 indicta
625 3207 794 3282 purgatione
809 3206 944 3282 appellari
975 3250 1123 3265 ........
1156 3205 1195 3262 ib.

147 3322 192 3381 13.
214 3303 368 3374 Quomodo
378 3303 519 3379 purgandi
534 3303 595 3359 sint¹
604 3302 723 3360 infames
728 3346 1119 3362 ....................
1154 3301 1195 3360 ib.

148 3420 195 3476 14.
216 3401 281 3460 Rite
295 3409 434 3478 purgatus
448 3419 499 3479 per
509 3399 634 3476 judicem
649 3399 731 3456 famae
745 3401 828 3457 bonae
845 3400 1010 3457 restituatur
1013 3444 1120 3459 ......
1157 3398 1194 3472 78

147 3512 193 3576 15.
215 3499 388 3558 Occasiones
402 3499 551 3557 criminum
566 3499 748 3573 prohibendae
762 3508 829 3556 sunt
851 3542 1123 3558 ..............
1155 3498 1195 3555 ib.

149 3594 194 3651 16.
217 3595 304 3652 Poena
317 3613 348 3651 se
362 3612 420 3650 non
433 3594 487 3652 rite
500 3594 649 3669 purgantis
662 3638 1120 3656 .......................
1153 3593 1193 3653 ib.

149 3708 195 3767 17.
218 3693 367 3750 Poenarum
381 3692 504 3750 varietas
527 3737 1124 3753 ..............................
1157 3693 1196 3751 ib.

150 3790 195 3847 18.
216 3792 363 3861 Quantum
377 3789 480 3849 efficiat
494 3791 625 3865 purgatio
647 3834 1123 3851 ........................
1157 3808 1198 3866 79

151 3906 195 3964 19.
218 3888 358 3946 Defensor
371 3888 483 3963 quando
494 3888 531 3945 sit
544 3888 681 3947 beneficio
695 3890 848 3964 privandus
851 3932 1124 3948 ..............
1157 3889 1197 3957 ib,

149 4002 196 4042 20.
218 3985 236 4043 J
239 3986 313 4042 udex
328 3983 514 4060 purgantibus
528 4003 559 4041 se
574 3993 668 4060 potest
682 3986 833 4061 aliquando
847 3986 998 4044 subvenire
1015 4030 1123 4045 ......
1156 3986 1196 4043 ib.

148 4100 196 4139 ar.
220 4081 436 4158 Superstitiosus
450 4082 634 4156 purgationes
647 4103 705 4141 non
719 4085 813 4142 valere
852 4127 1124 4143 ..............
1156 4083 1198 4141 ib.
