2692 4800
510 327 555 377 ur
581 326 627 377 aa
651 327 839 377 Junrcnm.
1130 312 1204 384 289

204 478 381 564 Quoniam
411 479 527 571 judex
558 504 628 550 non
662 491 779 574 potest
810 480 975 574 supplere
1006 481 1134 551 omissa
1168 482 1203 551 in

153 595 260 678 facto,
295 617 410 688 operae
440 597 593 689 pretium
624 608 679 667 est
707 597 877 689 judicare,
909 619 1063 688 quonam
1098 596 1204 666 modo

151 710 263 802 possit
289 711 542 781 conscientiam
568 735 667 783 suam
689 737 753 806 pro
776 736 834 783 reo
852 723 974 784 contra
996 712 1150 806 allegata
1167 722 1204 784 et

150 825 300 919 pmbsta
323 825 508 906 adducere,
527 834 568 896 ut
585 849 657 896 non
674 827 846 920 impingat
865 829 901 896 in
920 826 1202 909 constitutiones,

150 939 281 1032 quibus
298 939 507 1033 prohibetur
523 939 656 1033 aliquid
680 942 844 1035 supplere
866 942 1026 1012 infacto.
1079 940 1121 1010 ln
1141 941 1204 1012 tali

151 1055 262 1150 igitur
278 1077 361 1125 casu
375 1054 492 1147 judex
509 1077 572 1147 per
589 1054 883 1125 consultationem
904 1055 1071 1147 superiori
1090 1055 1202 1146 judici

152 1170 311 1243 declaret
336 1193 434 1242 suam
462 1171 724 1242 conscientiam.
791 1171 898 1242 Petst
923 1173 1032 1265 igitur
1056 1195 1077 1241 a
1104 1181 1204 1264 parte

152 1294 305 1381 urgente
334 1309 375 1357 ac
404 1287 566 1379 precibus
589 1288 709 1369 instet,
733 1297 774 1356 ut
800 1285 924 1359 detur¹
957 1287 1021 1358 sibi
1049 1288 1201 1380 spatium

152 1402 359 1474 consulendi
378 1405 593 1498 superiorem
610 1405 781 1497 judicem.
834 1403 900 1474 Cui
924 1426 1021 1474 suam
1041 1426 1122 1486 cum
1141 1427 1203 1474 ex-

152 1521 272 1613 posuit
302 1520 564 1603 conscienticm
596 1528 810 1612 potestatem
842 1520 938 1600 facit,
969 1528 1010 1588 ut
1039 1517 1096 1589 se²
1126 1528 1203 1590 tsn-

151 1657 258 1728 quam
276 1637 435 1707 veritatis
456 1646 583 1707 testem
603 1637 733 1718 audiat,
752 1659 793 1705 ac
811 1635 977 1727 deinceps
993 1637 1101 1726 juxto
1117 1634 1203 1706 alle-

150 1761 234 1844 gata
264 1759 303 1821 ct
333 1752 481 1845 probata
511 1752 725 1823 sententiam
752 1752 984 1843 pronunciet;
1020 1762 1202 1842 nequent

144 1867 261 1960 judex
286 1868 420 1939 factum
446 1868 598 1962 supplet,
617 1868 677 1937 sed
698 1877 738 1936 ut
755 1868 916 1937 minister
931 1867 1081 1959 justitiae
1099 1876 1201 1937 cavet

151 1979 216 2054 nc³
232 1984 309 2076 ejus
326 1983 431 2078 culpo
448 1985 651 2056 innocentia
669 1984 818 2076 proximi
840 1993 1016 2054 oneretur.

151 2194 229 2281 Gap.
243 2213 272 2259 2.
294 2195 402 2260 Judes
408 2196 549 2282 primum
564 2206 674 2260 cotom
690 2197 848 2281 acquirere
863 2195 944 2260 debet
950 2197 1037 2280 sacti
1051 2197 1201 2261 notitiam.

200 2330 324 2405 Judex
338 2335 375 2403 in
389 2333 456 2406 hoc
470 2334 691 2427 potissimum
711 2335 905 2416 incumbat,
924 2345 965 2403 ut
983 2343 1066 2404 ante
1083 2335 1202 2403 omnia

152 2459 270 2520 cortus
286 2451 333 2520 sit
351 2450 395 2520 de
413 2451 519 2531 facto,
537 2459 575 2519 et
593 2451 768 2542 praecipue
787 2452 821 2518 in
840 2448 1080 2520 criminalibus
1097 2471 1202 2542 quos-

152 2569 203 2638 vis
228 2566 360 2647 sudiat,
392 2567 630 2637 innocentiam
659 2566 811 2658 cujusvis
841 2568 1059 2660 probaturos,
1087 2567 1201 2637 donec

151 2684 186 2753 in
205 2683 346 2776 plenam
364 2705 476 2754 causoe
494 2685 734 2776 cognitionem
753 2684 881 2754 veniat.
935 2684 1028 2753 Nam
1050 2685 1086 2753 in
1104 2684 1201 2773 judi-

151 2800 214 2870 ciis
230 2800 414 2870 ordinariis
430 2800 570 2891 judicos
588 2799 763 2892 jubentur
780 2799 884 2892 plena
905 2800 1132 2890 inquisitione
1149 2801 1199 2869 rei

151 2913 360 3007 qualitatem
388 2915 576 2993 discutere,
631 2914 674 2984 ln
699 2913 939 2985 criminalibus
956 2937 1039 2984 vero
1055 2915 1200 3006 judiciis

150 3041 223 3103 tam
243 3031 339 3103 clara
361 3032 551 3124 requiritur
569 3033 650 3101 facti
671 3033 807 3114 notitia,
825 3040 953 3101 utnon
974 3031 1201 3124 permittatur

142 3147 339 3243 juramenti
359 3145 482 3216 dilstio
505 3148 541 3216 in
561 3147 702 3218 defectu
721 3157 921 3240 apertarum
938 3146 1199 3238 probationum,

148 3265 241 3334 sicut
259 3263 296 3332 in
313 3261 427 3332 causis
445 3261 615 3332 civilibus.

287 3474 364 3561 (lap.
375 3497 406 3561 3.
429 3473 549 3539 Deinde
561 3474 703 3561 exquirat
717 3474 799 3560 quod
810 3475 844 3538 in
850 3475 1001 3559 sactojas
1014 3477 1065 3540 sit.

199 3611 286 3684 Post
309 3621 443 3684 certam
471 3613 556 3684 facti
581 3613 822 3707 cognitionem
848 3614 1051 3707 proximum
1077 3623 1198 3685 estut

147 3732 333 3812 sententio,
351 3753 422 3823 qus
439 3729 679 3801 declaraturus
702 3740 757 3800 est
774 3730 844 3821 jus,
865 3731 959 3799 facto
981 3730 1128 3822 probato
1151 3715 1198 3803 sit

147 3849 371 3931 conveniens,
389 3857 426 3918 et
445 3848 517 3939 juri
544 3857 653 3939 atque
679 3846 937 3927 consuetudini,
956 3847 1084 3938 quibus
1104 3870 1198 3938 quse·
1311 3830 1312 3834 ¹

148 3987 218 4056 que
243 3965 341 4058 regio
367 3981 430 4035 sut
453 3966 577 4035 civitas
602 3965 638 4034 in
664 3987 707 4034 ea
731 3963 849 4056 specie
875 3962 961 4033 fscti
982 3963 1106 4039 utitur.
1157 3959 1196 4031 si

147 4101 232 4149 vcro
257 4102 374 4171 neque
400 4103 446 4150 ex
473 4079 552 4174 lege
579 4103 693 4172 neque
721 4101 767 4148 cx
797 4077 1055 4149 consuetudine
1084 4079 1198 4149 mani·

148 4192 238 4263 festo
257 4193 369 4285 judici
396 4207 557 4266 constare
583 4194 702 4287 possit,
729 4194 812 4285 quid
842 4195 878 4262 in
903 4216 985 4264 casu
1016 4191 1195 4286 proposito

272 4337 279 4377 ¹
296 4340 353 4398 det.
565 4335 578 4374 ²
591 4341 624 4399 si.
835 4338 943 4398 ³cavet
957 4340 986 4398 in
1000 4341 1072 4417 ejus.

657 4460 682 4510 u
