2692 4800
156 267 227 338 186
434 287 483 338 ua
501 287 893 342 uxcoursurucarrova.

151 439 196 508 ad
218 437 499 530 delinquendum
521 440 723 519 abutantur,
745 441 806 509 sed
827 441 946 532 potius
968 439 1137 511 furantur
1157 442 1197 514 ad

151 562 247 623 recte
266 554 478 637 vivendum3
507 553 660 646 denique
684 575 765 625 cum
789 553 932 625 illorum
956 554 1025 624 tibi
1049 554 1199 627 charitas

152 670 289 740 veniam
319 672 542 754 concesserit,
568 678 605 741 ct
633 671 679 742 ad
709 693 809 743 suam
840 670 1052 742 societatem
1083 694 1199 744 rursus

150 788 376 878 apposuerit;

281 907 322 988 (v
336 904 934 991 ucpao‚racapamaa01‚oa
941 907 1073 991 mc)

201 1015 278 1110 Ego
296 1016 432 1089 coram²
449 1018 515 1088 hac
533 1019 691 1100 ecclesia,
708 1018 810 1111 cujus
832 1017 919 1088 mihi
937 1018 1198 1091 administratio

149 1134 334 1204 commissa
351 1143 414 1217 cst,
433 1143 470 1204 te
486 1143 630 1204 tuorum
649 1156 752 1227 poena
768 1132 980 1204 delictorum
997 1141 1041 1206 et
1056 1155 1199 1206 excom·

149 1249 397 1321 manicatiouis
421 1251 563 1322 exsolvo
587 1249 747 1334 vinculis,
765 1273 829 1343 per
851 1250 1114 1322 authoritatem
1130 1252 1196 1323 Dei
1221 1332 1225 1337 ,

148 1363 365 1457 potestatis³,
382 1367 406 1437 J
408 1389 470 1437 esu
488 1365 630 1449 Christi,
649 1376 687 1438 et
704 1366 858 1459 Spiritus
878 1367 1003 1448 sancti,
1022 1368 1199 1439 consenti·

149 1480 291 1551 entibus
307 1481 413 1574 hujus
430 1482 585 1554 ecclesia
598 1481 827 1576 praesentibus
844 1483 1073 1564 memhriaet
1089 1485 1198 1556 etiam

148 1597 323 1668 ordinario
340 1598 573 1692 suffragante;
592 1599 728 1691 tibique
747 1621 864 1668 rursus
880 1598 1071 1692 pristinum
1089 1599 1127 1670 in
1144 1623 1199 1671 ec-

148 1711 254 1784 clesia
272 1723 374 1783 tuum
393 1713 510 1784 locum
528 1723 563 1783 ct
582 1713 727 1806 plenum
738 1715 799 1805 jus
816 1709 995 1784 restituo.”

147 1841 263 1916 tillio
287 1840 375 1906 roboc
402 1842 791 1928 acclamatorum
813 1841 1029 1928 conplectatur
1050 1848 1083 1907 ot
1103 1842 1199 1907 monto

189 1954 290 2009 coacto
296 1945 434 2028 fratrom
448 1954 599 2031 agnoscat,
615 1966 738 2030 eocho
756 1943 897 2009 monibus
910 1943 1041 2023 attollet,
1057 1955 1089 2009 a
1102 1944 1198 2010 modio

190 2046 297 2131 templo
314 2069 413 2134 prope
436 2069 573 2113 mansam
598 2047 725 2112 demam
750 2046 950 2111 communioni
966 2057 1198 2132 propomam,

189 2148 329 2213 ccciccc
353 2150 486 2227 interim,
516 2147 899 2226 salomoniacae
928 2146 963 2210 ia
983 2146 1118 2224 maclam,
1139 2149 1197 2228 od,

190 2258 224 2312 at
240 2251 371 2314 maimo
389 2252 542 2316 monstro
563 2249 713 2316 videbitur
721 2276 737 2325 ,·
758 2258 785 2314 σε
803 2249 908 2314 chorus
926 2249 961 2313 in
980 2248 1114 2314 atomo
1133 2272 1196 2315 ocr-

189 2349 427 2438 aoapapcao
441 2353 589 2418 nana.
635 2350 1034 2437 compararantur,
1051 2351 1195 2416 “aaa

189 2473 257 2517 mas
270 2455 400 2519 Dacica*
419 2455 510 2520 laada
528 2456 698 2539 affectum.'’
742 2452 936 2539 Respondeat
948 2452 1097 2538 popula,
1116 2455 1196 2519 “aa

189 2555 244 2619 hoc
259 2567 387 2642 tencporo
402 2579 496 2642 usqne
510 2558 555 2621 ad
570 2579 683 2621 annom
697 2558 927 2622 comitatam?
972 2556 1129 2638 Sequatur
1144 2555 1193 2620 tic

190 2660 285 2723 vorbis
299 2660 430 2723 acto?

198 2763 382 2858 “Agimus
408 2766 473 2834 tibi
497 2766 637 2859 gratias,
664 2764 938 2835 clementissime
958 2763 1078 2847 Pater,
1099 2768 1192 2857 quod

146 2879 241 2950 hunc
265 2882 409 2951 fratrem
433 2889 591 2951 nostrum
613 2903 635 2950 a
655 2881 728 2951 lata
749 2882 814 2960 via,
833 2904 910 2972 quae
936 2881 1190 2972 sempiternum

15 2980 20 2998 ²
146 2997 191 3067 ad
216 2997 366 3067 exitium
393 2998 586 3083 descendit,
612 3006 751 3068 mature
778 3006 840 3067 tua
865 2994 1033 3089 singulari
1060 2997 1192 3068 miseri-

147 3114 264 3184 cordia
280 3115 510 3197 revocaveris
524 3122 561 3183 et
578 3113 767 3184 salutarem
786 3113 1011 3205 resipiscendi
1030 3113 1191 3205 spiritum

146 3228 197 3298 illi
223 3230 512 3322 suppeditaveris,
539 3232 599 3321 qui
626 3229 698 3299 dux
725 3232 769 3300 ad
797 3232 905 3300 vitam
931 3239 1104 3300 aetarnam
1129 3240 1188 3312 est,

146 3356 186 3415 ut
208 3367 253 3416 ex
275 3346 450 3439 pestiferis
477 3345 607 3416 diaboli
633 3346 819 3438 paludibus
842 3368 1037 3439 emergens,
1055 3347 1093 3415 in
1117 3345 1190 3416 dul·

145 3463 284 3533 cissima
307 3462 394 3532 Jesu
422 3462 552 3533 Christi
580 3462 775 3533 Servatoris
806 3463 914 3531 nostri
940 3484 1071 3553 pascua
1096 3486 1188 3533 com·

145 3578 359 3672 migraverit,
382 3603 423 3650 ac
447 3580 627 3672 proprium
654 3601 692 3648 se
718 3578 891 3670 receperit
916 3576 961 3647 ad
986 3599 1145 3671 gregem,
1168 3600 1188 3647 a

145 3716 214 3785 quo
241 3694 531 3787 periculosissime
551 3695 627 3785 jam
653 3703 737 3763 anto
763 3691 1061 3785 peregrinabatur.
1120 3692 1187 3763 Ita·

144 3832 214 3900 que
231 3818 333 3879 tuum
351 3811 386 3878 in
405 3821 577 3902 perpetuo
595 3795 641 3878 sit
660 3808 792 3878 honore
814 3830 953 3888 nomeu,
971 3815 1036 3877 tua
1052 3830 1186 3900 semper

145 3925 220 3996 laus
237 3933 408 4018 perpetua
426 3926 762 3996 commemoratione
787 3933 905 3994 nostra
929 3923 1111 4007 dilatetur,
1129 3934 1186 3995 tua

144 4041 244 4111 nobis
260 4040 371 4135 gloria
392 4043 568 4110 continuis
591 4040 784 4110 officiorum
804 4049 1002 4109 nostrorum
1021 4039 1185 4110 sermoni·

144 4157 209 4227 bus
226 4166 424 4250 usurpetur,
443 4168 480 4226 et
502 4158 759 4248 frequentetur,
776 4179 858 4226 cum
876 4157 912 4224 in
934 4156 1031 4225 omni
1054 4154 1182 4246 reliqua

247 4293 254 4331 ¹
271 4297 427 4345 contracto.
564 4282 576 4320 ²
590 4297 618 4345 te
633 4307 738 4346 coram.
875 4287 888 4322 ³
902 4296 1082 4361 potestatem.
