2692 4800
469 283 517 334 DE
542 282 683 334 Dlvnus
707 283 869 336 omens

244 535 323 620 (lap.
342 556 350 599 1
361 555 389 598 1.
412 534 690 600 Ecoommumcctio
704 534 847 620 quomodo
860 536 902 601 a‘s
915 534 1091 601 mundo.

195 674 317 759 Quum
343 685 462 746 autern
489 675 866 748 excommunicationis
891 674 1031 747 fulmen
1058 676 1190 748 vibran-

145 788 247 861 dum¹
266 792 343 874 erit,
361 791 514 884 primum
533 792 718 883 episcopus
734 790 892 874 adeatur,
910 800 949 863 et
965 795 1045 887 ejus
1066 791 1191 864 intelli·

144 917 249 1002 gatur
271 909 468 979 sententia:
496 907 605 999 quisi
630 908 857 991 consenserit,
875 916 914 980 et
937 907 1190 981 authoritatem

145 1046 243 1095 suam
270 1024 483 1118 apposuerit,
501 1023 877 1095 excommunicationis
900 1023 1056 1096 formula
1078 1048 1190 1098 coram

146 1142 309 1212 universa
337 1150 527 1234 peragatur
554 1136 723 1221 Ecclesia,
753 1140 976 1234 disciplinam
1010 1151 1055 1214 ut
1084 1145 1122 1214 in
1150 1166 1190 1215 eo

144 1266 311 1339 veterem,
331 1265 504 1350 quantum
522 1255 597 1326 fieri
616 1264 745 1347 potest,
763 1255 900 1329 rursus²
916 1259 1190 1332 introducamus.

305 1467 449 1553 (lap.12.
473 1466 679 1532 martam
694 1469 925 1535 catanam
938 1470 1027 1536 ritas.
1159 1494 1165 1508 ¹

196 1591 239 1662 ln
264 1591 422 1663 ecclesiis
443 1591 627 1661 msticanis
653 1589 825 1661 festorum
842 1589 979 1662 dierum
1008 1593 1193 1665 matutinis

145 1706 364 1800 temporibus
389 1705 571 1776 homiliam
598 1705 634 1775 in
652 1707 939 1777 communionem
960 1707 1079 1779 intexi
1097 1707 1194 1779 voln-

144 1847 234 1896 mus.
270 1822 519 1895 Pomeridiano
538 1831 697 1915 tempore
708 1821 944 1893 descendetur
959 1824 1005 1895 ad
1022 1824 1193 1897 catechis-

145 1964 255 2024 mum,
282 1940 326 2011 ad
352 1961 459 2031 quem
485 1939 530 2010 ab
557 1936 626 2009 illis
652 1939 761 2009 etiam
793 1939 852 2031 qui
878 1941 1085 2034 grandiores
1112 1949 1193 2012 sunt

145 2057 281 2128 attendi
308 2055 436 2150 placet,
462 2068 501 2128 et
525 2055 798 2149 explicationem
824 2056 1032 2129 catechismi
1060 2056 1193 2153 relega·

144 2196 224 2244 mus
240 2174 285 2244 ad
302 2172 480 2243 vicarium.
533 2169 740 2265 Principalis
757 2180 879 2242 autem
896 2172 1069 2256 minister,
1086 2196 1192 2267 quem

144 2287 336 2380 parochnm
378 2286 537 2371 dicimus,
570 2296 650 2378 post
693 2285 899 2357 conclusum
937 2285 1193 2359 catechismum

145 2405 266 2475 statim
300 2403 343 2472 ad
380 2401 550 2495 populum
586 2401 862 2485 concionabitur,
898 2412 947 2486 et,
981 2401 1045 2475 illa
1081 2403 1192 2486 finita,

145 2542 264 2614 preces
283 2519 490 2611 vespertinae
515 2515 736 2600 succedent3,
754 2519 853 2589 etad
878 2527 1083 2591 extremum
1108 2519 1194 2613 adji-

145 2640 285 2708 cientur
301 2635 493 2727 disciplinae
511 2644 549 2705 et
569 2636 832 2727 procurationes
856 2656 1086 2709 nummorum
1107 2637 1194 2730 pub-

146 2754 213 2824 lice
231 2752 471 2823 collectomm.

275 2965 351 3051 Gap.
368 2985 418 3051 13·
442 2964 485 3029 In
498 2963 615 3028 sacellis
628 2984 718 3027 sacra
733 2984 793 3026 cca
806 2971 875 3027 scta
889 2962 1065 3027 mactanda.

197 3104 378 3175 Nolumus
395 3105 432 3174 in
449 3102 596 3186 sacellis,
610 3104 675 3173 nisi
693 3101 879 3197 singularis
896 3103 1058 3195 quadam
1075 3125 1193 3174 neces·

146 3225 230 3293 sitas
254 3223 391 3305 urserit,
416 3202 651 3292 administrari
680 3229 909 3302 sacramenta,
932 3243 999 3290 nec
1022 3219 1193 3313 reliquam

147 3339 269 3409 inillis
292 3339 451 3409 adhiberi
478 3361 655 3409 sacrorum
673 3337 867 3406 officiorum
885 3337 1084 3420 rationem3
1109 3359 1193 3427 quo-

146 3459 241 3527 niam
269 3457 319 3526 ita
340 3455 502 3526 futurum
522 3464 627 3537 esset,
645 3463 687 3524 ut
713 3454 869 3547 proprias
893 3453 1056 3524 homines
1082 3454 1191 3525 eccle-

147 3576 215 3646 sias
233 3573 477 3655 destituerent,
496 3582 533 3642 et
552 3573 588 3641 in
605 3569 796 3641 solitudine
815 3568 1066 3662 relinquerent.
1103 3569 1193 3641 Con·

148 3691 450 3761 venientissimum
468 3698 587 3760 autem
607 3696 661 3757 est
679 3686 760 3757 fidei
784 3694 916 3755 nostrae
934 3689 1191 3766 communitati,

147 3807 301 3902 singulas
335 3828 418 3876 oves
447 3805 676 3898 adproprias
710 3813 868 3897 pastores
898 3799 997 3872 suos⁴
1029 3805 1190 3887 sevocari,

147 3925 405 4018 separatimque
431 3922 475 3993 ab
496 3921 566 3992 illis
592 3923 710 3991 omnia
730 3920 873 4012 pietatis
895 3929 933 3989 et
950 3919 1061 3990 divini
1078 3921 1190 3992 cultus

148 4042 353 4134 adjumenta
370 4039 508 4130 requiri.

192 4193 383 4255 'urbandnrm
467 4190 653 4251 ²rursnscm.
735 4189 926 4249 ³succedant.
994 4185 1150 4252 ⁴suosom.
