2692 4800
203 279 267 341 332
588 275 862 339 APPENDIX.

246 459 294 513 41,
310 459 369 514 cap.
383 456 410 514 5.
425 438 470 496 tit.
493 447 521 495 et
535 439 613 495 locus
628 439 720 495 added
734 439 772 514 by
786 439 846 496 Cr.

245 555 294 610 42,
310 555 370 610 cap.
382 553 408 609 7.
425 537 469 593 tit.
492 536 563 605 Quae
579 537 627 593 Cr.
642 536 752 593 instead
767 536 798 592 of
810 536 867 605 Qui
881 536 973 592 morbi

245 652 294 708 43,
309 635 328 690 l.
341 652 369 706 4.
393 644 471 691 caret
498 633 564 690 MS.
581 644 678 691 carent

244 763 284 775 -
299 750 347 806 30.
374 732 449 788 Here
463 731 572 787 follows
586 731 615 787 in
629 731 678 788 the
689 729 756 787 MS.
769 749 786 787 a
800 731 918 805 chapter
931 730 1059 794 entitled,
1072 731 1107 788 In
1123 732 1248 790 absentia

205 830 336 906 conjugis
357 829 425 904 quid
446 829 619 904 sequendum
641 829 686 892 sit,
708 828 777 884 with
799 847 817 884 a
836 828 977 903 marginal
1001 837 1070 885 note
1095 829 1170 887 stom
1191 831 1248 894 Cr..

205 927 335 984 Habetur
357 928 386 984 in
410 928 493 984 titulo
514 927 557 982 De
578 926 722 983 adulteriis
743 934 772 982 et
800 925 937 982 divortiis.
990 926 1033 983 Its
1054 927 1206 985 substance
1226 930 1249 986 is

204 1025 290 1099 given
308 1025 337 1080 in
360 1043 459 1099 capp.
479 1023 510 1079 of
526 1023 588 1080 that
611 1023 729 1089 section,
745 1043 773 1097 p.
785 1039 836 1097 53,
851 1025 903 1080 but
920 1024 970 1081 the
985 1024 1078 1081 whole
1092 1026 1209 1101 chapter
1227 1029 1249 1084 is

204 1140 235 1177 as
249 1120 376 1177 follows:

245 1216 276 1274 Si
295 1217 368 1275 forte
385 1218 539 1292 conjugum
557 1219 691 1275 alteruter
709 1217 831 1274 abfuerit
851 1216 898 1273 din
918 1236 935 1274 a
953 1217 1049 1284 domo,
1065 1237 1118 1275 nec
1138 1202 1177 1275 de'
1192 1220 1248 1276 vita

203 1316 352 1390 quicquam
371 1316 444 1372 illins
463 1315 507 1371 vel
528 1323 620 1372 morte
640 1323 718 1372 certo
737 1313 872 1390 cognosci
890 1315 990 1389 possit,
1009 1315 1109 1372 relicta
1130 1334 1249 1390 persons

199 1413 311 1489 judices
332 1413 537 1471 ecclesiasticos
559 1412 651 1478 adeat,
666 1421 695 1469 et
715 1413 846 1486 exposita
867 1430 952 1469 causa
971 1414 1117 1470 biennium
1140 1415 1176 1471 ab
1196 1415 1249 1472 illis

203 1513 249 1569 vel
266 1512 417 1569 triennium
438 1511 565 1586 accipiet,
580 1511 609 1568 in
629 1530 684 1586 qno
703 1529 853 1585 personam
872 1511 1019 1568 absentem
1034 1521 1174 1587 expectet
1216 1515 1248 1570 ln

203 1629 259 1685 quo
274 1618 401 1683 tempore
415 1609 566 1684 diligenter
586 1609 699 1666 interim
712 1609 867 1683 perquisita
880 1609 904 1665 si
918 1618 1014 1666 tamen
1028 1630 1085 1667 non
1101 1630 1248 1687 comparu-

203 1708 265 1772 erit,
280 1726 333 1764 nec
347 1707 382 1764 de
396 1707 454 1764 vita
472 1706 620 1781 quicquam
642 1708 703 1782 ejus
721 1715 897 1780 compertum
912 1707 959 1774 sit,
974 1708 998 1764 si
1012 1708 1112 1765 relicta
1130 1728 1249 1783 persona

203 1825 294 1862 novas
308 1804 423 1879 nuptias
437 1813 524 1879 petat,
536 1804 626 1879 judex
640 1822 688 1860 eas
702 1803 849 1860 concedet.
894 1804 961 1860 Post
974 1824 1045 1879 quas
1059 1806 1082 1862 si
1097 1806 1177 1880 prior
1189 1827 1247 1863 ma-

202 1904 274 1961 ritus
288 1903 412 1967 redierit,
422 1920 541 1958 uxorem
556 1909 651 1958 tamen
665 1920 722 1957 non
738 1902 925 1979 recuperabit,
941 1903 994 1959 nisi
1008 1913 1103 1961 tantas
1118 1906 1249 1963 ostendat

202 2002 289 2059 fuisse
308 2020 372 2057 suas
387 2000 575 2064 difficultates,
591 2008 623 2056 nt
637 2017 690 2056 nec
704 1999 763 2074 ipse
778 1999 896 2056 celerius
914 2000 1017 2065 redire,
1032 2004 1248 2078 necquicquam

202 2100 237 2157 de
252 2107 328 2156 statu
343 2116 395 2154 suo
407 2098 569 2154 renuntiare
583 2097 716 2171 potnerit.

243 2213 292 2267 44,
308 2196 354 2251 28.
378 2193 461 2250 After
471 2195 532 2269 jam
547 2192 615 2252 MS.
630 2194 682 2250 has
696 2201 726 2250 et
739 2193 866 2268 perfecto

244 2310 293 2366 45,
310 2310 339 2366 3.
362 2292 445 2348 After
459 2292 495 2348 sd
509 2291 576 2348 MS.
592 2293 644 2348 bas
657 2291 778 2348 honesta
791 2299 820 2347 et

242 2402 291 2464 47,
314 2408 357 2464 ¹7·
379 2389 548 2446 nominatim
577 2388 717 2446 MS.om.

241 2519 282 2529 -
300 2487 345 2543 18.
367 2486 452 2543 After
464 2505 600 2561 personas
616 2484 683 2542 MS.
699 2486 750 2542 has
764 2488 839 2544 solas

241 2618 281 2626 —
298 2603 344 2658 29.
371 2585 528 2657 conjunctae
548 2631 572 2642 ..
589 2631 613 2641 ..
633 2585 761 2658 personis
787 2585 834 2641 Cr.
861 2585 971 2641 instead
996 2586 1028 2642 of
1052 2587 1248 2651 terminantur,

202 2684 263 2738 illes
279 2692 422 2738 sumentes

242 2782 291 2852 48,
310 2781 357 2837 28.
380 2781 515 2837 Between
538 2782 642 2837 sororis
664 2782 760 2837 uxoris
778 2790 807 2837 et
825 2800 906 2837 soror
927 2781 976 2838 Cr.
992 2783 1043 2838 has
1065 2782 1159 2839 added
1179 2801 1249 2837 uxor

201 2879 332 2934 avunculi

241 2995 290 3051 49,
308 2993 334 3051 5.
356 2975 504 3050 illegitima
520 2976 568 3031 Cr.
584 2976 695 3032 instead
710 2976 741 3031 of
753 2977 872 3033 naturali

240 3106 281 3116 -
300 3093 344 3130 11.
367 3074 450 3129 After
468 3074 639 3148 oppresserit
658 3072 706 3129 Cr.
722 3074 773 3129 has
788 3075 886 3131 erased
901 3076 949 3131 the
970 3074 1117 3150 following
1132 3075 1246 3131 words:

201 3173 238 3228 Et
252 3174 350 3229 eadem
365 3173 496 3229 similium
513 3190 597 3227 causa
612 3171 763 3227 multarum
778 3191 962 3245 personarum
977 3182 1030 3230 est.

240 3304 280 3312 —
299 3286 343 3344 15.
366 3271 459 3345 patrui
474 3278 524 3326 aut
538 3269 587 3326 Cr.
604 3270 716 3326 instead
730 3270 762 3325 of
773 3279 822 3326 aut
836 3271 945 3344 paterni

240 3402 280 3412 —-
301 3385 344 3442 17.
367 3368 580 3424 matrimonium
597 3387 661 3423 cnm
676 3368 730 3423 illis
748 3369 914 3425 contrahere
930 3369 978 3424 Cr.
996 3369 1106 3425 instead
1126 3370 1159 3425 of
1174 3370 1248 3426 idem

200 3467 307 3522 crimen

241 3583 290 3639 51,
311 3584 354 3620 rr.
377 3566 453 3620 volet
481 3563 547 3621 MS.
564 3564 631 3620 velit

239 3695 279 3703 —
296 3680 341 3733 27.
365 3662 530 3718 conceditur
558 3661 624 3718 MS.
641 3662 811 3717 concedetur

241 3761 288 3834 56,
307 3778 333 3815 2.
358 3760 441 3817 After
460 3779 578 3816 uxorem
598 3760 646 3816 the
661 3760 754 3815 words
774 3767 822 3814 ant
840 3776 913 3814 uxor
927 3768 1026 3814 contra
1040 3758 1130 3814 virum
1150 3761 1248 3816 erased

198 3858 235 3933 by
251 3858 300 3915 Cr.

239 3971 286 4031 57,
303 3976 331 4031 9.
355 3958 554 4031 conjunctione
571 3956 618 4011 Cr.
635 3955 744 4010 instead
760 3955 791 4010 of
803 3954 965 4009 conditione

237 4087 277 4094 —
299 4073 340 4108 10.
363 4054 448 4121 Quod
462 4063 491 4109 et
507 4099 531 4110 ..
548 4053 714 4110 ..volumus
729 4052 820 4107 added
836 4052 872 4126 by
889 4051 937 4107 Cr.

238 4152 285 4223 58,
307 4151 351 4207 16.
374 4150 456 4207 After
466 4151 576 4225 judices
592 4149 659 4207 MS.
676 4150 727 4205 has
743 4151 832 4205 nostri

235 4280 274 4290 —
293 4266 338 4319 24.
362 4249 509 4322 imponant
526 4249 574 4304 Cr.
591 4248 701 4304 instead
717 4248 748 4303 of
760 4249 806 4303 sit.
