2692 4800
147 274 221 338 214
421 286 470 336 aa
494 284 585 335 arrrs
610 282 916 336 consacraneus

149 555 248 621 Testes
276 565 346 620 ante
375 555 440 619 lt'tt's
467 554 707 620 commuttionem
733 573 795 617 non
823 551 1036 617 mmmmm
1058 550 1106 617 od
1122 574 1193 639 pru-

188 656 323 721 baodrnn
333 676 460 721 censam
466 654 682 741 ptindpolom,
692 653 745 718 red
757 653 803 717 cd
808 650 1006 739 protendetur
1013 653 1194 740 mon·

188 758 352 823 dilatorias
366 765 396 822 ct
402 758 633 844 perornptorr'os.

193 896 319 969 Testes
344 904 427 967 ante
454 897 526 967 litis
551 898 846 967 contestationem
870 904 1021 989 possunt
1041 896 1193 977 admitti,

144 1037 216 1085 non
238 1036 322 1085 sane
348 1013 463 1106 quoad
488 1011 681 1105 principale
707 1013 818 1083 totius
843 1034 957 1084 cauam
987 1022 1111 1107 caput,
1134 1016 1193 1087 sed

145 1131 189 1200 ad
206 1128 403 1221 probandas
421 1126 477 1197 vel
494 1126 744 1219 improbandas
757 1127 988 1220 exceptiones
1005 1125 1193 1212 dilatorias,

144 1254 182 1315 et
199 1246 464 1337 peremptorias,
482 1266 560 1333 quae
577 1241 649 1314 litis
670 1243 965 1314 contestationem
983 1243 1245 1337 impediuntur

163 1454 501 1540 Toateacdperpetrtorn
516 1456 564 1519 rei
577 1456 841 1520 memortomcnto
856 1454 1175 1522 mammam

533 1557 657 1621 umore
664 1565 801 1642 possm

195 1695 367 1779 Quamvis
384 1695 563 1765 communi
582 1693 704 1787 regula
722 1704 832 1765 testes
854 1704 938 1766 ante
961 1696 1037 1768 litis
1060 1705 1194 1769 contes-

145 1812 318 1881 tationem
344 1810 452 1902 recipi
479 1831 550 1879 non
576 1809 739 1891 debeant,
766 1818 924 1881 attamen
953 1812 983 1881 si
1010 1813 1057 1883 de
1083 1822 1194 1883 morte

144 1926 287 1998 illorum
313 1927 493 2007 timeatur,
518 1933 581 1995 aut
605 1925 765 1997 absentia
788 1926 936 2011 diutina,
958 1929 1034 1998 sive
1061 1928 1194 2022 pericu·

145 2043 220 2114 lum
247 2043 354 2114 fuerit
372 2042 527 2134 (quando
554 2042 737 2134 negotium
763 2042 972 2135 perplexum
997 2053 1067 2127 est,
1085 2054 1125 2114 et
1145 2046 1194 2114 iu·

143 2157 415 2251 volutum1),ne
440 2180 558 2227 rerum
579 2165 759 2249 gestarum
781 2165 819 2227 et
839 2157 970 2229 ordinis
989 2158 1195 2231 obliviscan-

145 2286 212 2359 tur,
230 2277 274 2346 ad
298 2274 501 2345 testandum
527 2274 742 2365 recipientur
764 2296 865 2344 senes
882 2274 1143 2360 valetudinarii,
1159 2284 1194 2347 et

146 2414 294 2482 quorum
323 2389 378 2461 vel
405 2390 574 2460 diuturna
598 2388 767 2471 absentia,
793 2388 850 2460 vel
876 2389 1009 2461 oblivio
1034 2402 1195 2486 suspecta

146 2515 212 2589 est,
229 2504 358 2576 etiam²
375 2527 456 2575 oum
475 2504 518 2575 lis
535 2527 605 2574 non
623 2504 739 2576 adhuc
757 2505 866 2576 suerit
883 2516 1096 2592 contestata,
1113 2532 1195 2602 prm·

146 2624 251 2692 missa
277 2621 506 2691 nihilominus
536 2623 644 2713 partis
672 2623 864 2705 citatione;
902 2646 980 2714 quae
1013 2626 1042 2694 si
1076 2625 1194 2696 haberi

146 2760 302 2830 praesens
327 2759 397 2805 uon
424 2738 544 2828 possit,
562 2747 719 2806 actorem
744 2736 923 2829 oportebit
949 2760 1053 2809 suum
1072 2763 1196 2810 conve·

147 2857 222 2924 nire
240 2853 477 2923 adversarium
498 2864 669 2944 tempore,
688 2854 782 2944 quod
794 2854 908 2943 judex
925 2853 977 2923 illi
995 2857 1196 2950 assignabit,

147 2970 385 3063 computando
403 2993 424 3039 a
442 2970 498 3039 die
516 2992 586 3060 quo
605 2969 758 3061 primum
786 2971 963 3041 conveniri
982 2972 1127 3063 poterit,
1143 2971 1194 3042 vel

147 3085 198 3155 illi
226 3088 351 3155 saltem
375 3088 470 3177 (cum
494 3084 658 3175 possibile
682 3084 804 3172 fuerit)
823 3086 1025 3177 hujusmodi
1052 3089 1195 3156 testium

147 3202 395 3270 admissionem
422 3199 648 3281 renuntiare;
675 3200 821 3291 quodsi
847 3200 962 3271 facere
989 3200 1195 3294 neglexerit

149 3323 291 3405 recepta
308 3313 512 3383 testimonia
530 3336 600 3381 non
620 3313 799 3384 valebunt.

149 3557 190 3618 In
203 3552 311 3639 quibos
326 3552 424 3616 coasts
439 3561 522 3615 tostos
539 3552 745 3616 cdrnittantur
758 3554 795 3617 de
805 3554 981 3640 princepali
999 3577 1103 3635 cuasa,
1119 3567 1188 3623 onte

515 3653 578 3718 litio
592 3657 835 3721 contestationem

201 3797 377 3867 Poterant
390 3797 498 3865 etiarn
512 3796 556 3865 de
575 3796 756 3889 principali
776 3800 892 3890 capite
906 3801 1039 3892 negotii
1057 3801 1195 3871 admitti

150 3920 270 3991 testes,
287 3910 419 4001 absque
437 3910 509 3979 litis
526 3913 797 3995 contestatione,
810 3936 892 3983 cum
911 3916 1029 4009 agitur
1046 3916 1090 3985 de
1109 3914 1196 3988 elec·

151 4030 248 4098 tione
275 4026 510 4119 praelatorum,
537 4025 581 4095 de
603 4027 910 4118 postulationibus,
933 4031 1196 4121 provisionibus,

152 4141 394 4236 dignitatibus,
408 4142 661 4233 personatibus,
677 4141 809 4223 officiis,
824 4146 1098 4229 canonicatibus,
1113 4169 1197 4238 prae-

331 4275 337 4312 ¹
354 4279 541 4336 immolatum.
808 4282 889 4349 2est,
906 4293 1023 4341 etcum.
