2692 4800
144 273 216 340 102
353 288 402 340 ms
426 288 597 339 sccausm
622 288 667 339 nr
691 288 874 340 nrnrsrnrs
899 287 999 353 arus,
1201 269 1254 341 at

143 454 212 523 tur,
242 444 426 536 episcopus
459 444 590 514 videat.
649 443 698 515 Et
723 445 818 516 inter
845 455 965 517 cetera
994 443 1094 516 illius
1124 447 1186 516 erit

144 560 308 651 episcopo
338 558 528 652 diligenter
555 560 761 652 significare,
789 582 951 653 quaenam
980 560 1018 631 in
1050 560 1220 646 dioecesi49

144 674 317 767 parochiae
346 676 428 758 sint,
460 675 521 746 ubi
551 677 699 763 miseris,
730 678 852 770 egenis
883 685 922 746 et
950 676 1094 770 egrotis
1122 701 1186 747 non

147 791 384 874 subveniatur,
414 799 521 885 prout
550 792 586 861 in
621 791 843 885 parliamenti
877 793 1187 865 constitutionibus

143 930 256 1000 nuper
277 906 459 977 decretum
486 918 560 978 est:
591 916 634 978 ut
658 908 703 977 ad
726 906 880 978 officium
904 908 1030 979 sedulo
1053 931 1096 980 ao
1116 908 1186 980 dili·

142 1024 284 1116 gentius
302 1023 512 1106 faciendum,
527 1047 608 1095 cum
627 1024 790 1093 ordinarii
809 1033 887 1094 tum
905 1025 1185 1097 concionatorum

145 1139 398 1210 monitionibus
414 1140 527 1211 acrius
544 1141 683 1212 incitari
702 1139 845 1232 possint.

375 1385 453 1470 (lap.
473 1401 502 1469 7.
526 1385 577 1448 Do
590 1383 716 1449 scaloriis
730 1383 962 1450 cathedralibus.

197 1508 355 1577 Ecclesia
372 1506 583 1578 cathedralis
607 1509 653 1578 sit
676 1509 777 1579 sedes
794 1509 959 1601 episcopi.
1012 1507 1187 1581 Fundato·

144 1646 222 1692 rum
247 1632 382 1694 statuta
398 1625 475 1715 jam
499 1622 628 1694 abhinc
645 1633 750 1693 antea
766 1632 910 1715 recepta
927 1623 1186 1696 retinebuntur¹

145 1763 232 1831 pura
254 1750 292 1808 et
316 1741 464 1832 integra,
481 1738 670 1832 quamdiu²
694 1739 800 1810 verbo
823 1738 892 1810 Dei
916 1762 988 1810 non
1009 1742 1189 1813 adversan-

145 1869 213 1939 tur,
230 1866 268 1926 et
286 1856 413 1926 nostris
431 1857 743 1927 constitutionibus
764 1856 809 1926 de
828 1855 998 1950 religione
1015 1857 1074 1928 vel
1091 1858 1190 1929 editis

145 1972 201 2043 vel
220 1971 367 2043 edendis
385 1994 453 2041 non
472 1982 682 2066 repugnant.
728 1971 799 2042 Hie
817 1973 1022 2066 episcopum
1043 1974 1191 2058 visitare,

145 2112 283 2158 morum
309 2089 395 2157 vitia
418 2089 618 2171 emendare,
641 2087 833 2182 flagitiosos
855 2090 992 2181 punire,
1009 2101 1049 2162 et
1074 2101 1191 2185 aperte

144 2203 360 2275 reluctantes
377 2204 423 2273 de
441 2203 518 2275 loco
536 2204 697 2296 dejicere,
716 2204 769 2274 fas
786 2214 874 2275 esto.

494 2435 572 2520 Cap.
591 2437 620 2498 8.
644 2435 694 2498 De
707 2433 839 2498 mamb.

196 2552 331 2624 Decani
355 2578 507 2645 quoque,
525 2577 604 2624 cum
630 2556 666 2623 in
692 2554 786 2624 clero
807 2554 959 2646 amplam
982 2556 1195 2650 dignitatem

146 2679 183 2740 et
201 2671 316 2741 locum
333 2671 544 2740 honoratum
559 2672 594 2739 in
609 2670 768 2741 Ecclesia
785 2671 987 2754 sortiantur,
1002 2674 1195 2766 presbyteri

146 2798 260 2869 sunto,
296 2788 358 2856 viri
393 2810 528 2881 graves,
557 2787 653 2857 docti
687 2797 725 2856 et
759 2810 888 2880 magua
922 2789 1111 2879 prudentia
1145 2791 1198 2860 in-

147 2905 283 2998 signes:
310 2904 528 2974 cathedrales
551 2902 715 2973 ecclesias
732 2904 841 2994 juxta
861 2903 1002 2973 illarum
1025 2908 1198 2976 constitu·

147 3024 261 3093 tiones
288 3031 434 3115 regant:
461 3020 610 3113 collegio
633 3029 709 3088 tum
735 3021 982 3089 canonicorum
1007 3029 1086 3091 tum
1111 3023 1198 3093 alio-

146 3161 225 3207 rum
246 3136 452 3207 clericorum
475 3136 631 3206 ecclesian
655 3137 795 3227 majoris
820 3136 974 3228 praesint,
992 3160 1111 3230 neque
1129 3141 1200 3210 dis-

147 3254 311 3346 ciplinam
327 3253 396 3323 labi
411 3254 545 3324 sinant:
568 3254 846 3344 provideantque
859 3276 998 3324 summa
1011 3253 1200 3348 diligentia

148 3382 188 3438 nt
213 3372 249 3438 in
272 3392 335 3439 sua
358 3370 506 3439 ecclesia
529 3370 615 3438 sacri
640 3371 729 3437 ritus
747 3371 869 3440 ordine
886 3393 927 3439 ac
942 3370 1042 3461 justa
1059 3372 1200 3442 ratione

148 3496 369 3578 peragantur,
390 3496 499 3577 utque
518 3485 635 3554 omnia
653 3482 755 3554 cum³
773 3486 895 3557 ordine
912 3509 953 3555 ao
970 3487 1200 3559 convenienti

146 3604 319 3694 gravitate
344 3603 388 3671 ad
411 3602 557 3671 fratrum
580 3600 772 3670 utilitatem
796 3602 902 3671 liant:
930 3599 1059 3693 utque⁴
1085 3604 1202 3674 archi-

148 3717 285 3787 diaconi
304 3716 407 3801 foras,
426 3718 475 3785 sic
497 3715 547 3784 illi
566 3716 673 3798 domi,
691 3715 758 3786 hoc
782 3727 836 3787 est
857 3716 892 3785 in
912 3716 1060 3787 ecclesia
1077 3718 1202 3789 cathe-

150 3834 237 3903 drnli
260 3841 297 3902 et
322 3833 397 3922 ejus
423 3832 598 3901 canonicis
624 3841 662 3900 et
685 3831 829 3913 clericis
851 3833 1016 3924 episcopo
1042 3834 1114 3903 sint
1137 3836 1203 3903 ad·

142 3953 318 4041 ⁸jumento,
345 3950 441 4039 qnasi
466 3949 535 4017 duo
562 3950 636 4038 ojus
667 3949 825 4018 membra
856 3949 1041 4019 utilissima
1068 3960 1107 4020 et
1138 3975 1204 4021 ne-

149 4066 306 4136 cessaria.
359 4062 478 4148 Quare
503 4087 617 4155 neque
641 4064 764 4133 decani
790 4064 910 4135 abesse
936 4064 1068 4134 debent
1091 4090 1113 4135 a
1137 4090 1203 4137 sua

192 4275 384 4336 ¹retincbunt.
447 4272 719 4351 ²quemndmodum.
785 4272 874 4334 ³cum
890 4298 940 4335 om.
1006 4274 1158 4350 lqueonr.
