2692 4800
93 245 166 310 280
443 258 494 310 ns
518 258 787 314 nmamorrmus.
1125 259 1181 331 aa!

90 418 205 501 clarae,
235 424 277 487 ut
295 387 517 510 'probatione
550 440 621 489 non
651 424 789 512 egeant,
818 414 876 486 vel
909 415 1000 487 adeo
1033 423 1129 487 erunt

90 535 234 628 ineptae,
251 542 292 603 nt
316 534 459 604 omuino
482 534 552 606 sint
575 532 809 626 repudiandae.

144 740 221 826 Gap.
235 743 286 807 26.
307 740 408 806 Iudex
421 742 477 805 uni
484 740 577 826 porti
583 762 713 825 parcere
726 761 784 804 aon
795 749 894 826 potari
908 740 944 804 io
958 738 1088 805 αἱύιήω

441 843 542 930 partis
553 843 780 929 pendeam.

139 983 294 1055 Tametsi
311 984 427 1076 judex
450 985 621 1077 propitius
646 981 804 1055 nonnihil
827 990 949 1076 potest
972 1006 1034 1059 reo
1056 1006 1137 1057 oon·

89 1101 222 1171 tumaci
255 1121 399 1193 parcere
428 1105 554 1191 (unum
587 1097 723 1170 scilicet
751 1106 814 1170 ant
846 1098 1003 1170 alterum
1032 1099 1137 1183 diem,

88 1215 191 1287 illum
226 1224 305 1310 post
344 1217 536 1286 terminum
576 1217 865 1309 peremptorium,
899 1215 1136 1311 expectando)

89 1334 125 1403 id
147 1342 268 1404 tamen
287 1333 324 1403 in
346 1331 587 1424 prejudicium
610 1332 720 1424 partis
741 1353 787 1402 ne
807 1332 928 1417 faciat,
945 1355 1064 1425 neque
1089 1333 1139 1404 ita

89 1458 131 1518 ut
147 1447 323 1541 impensas
341 1469 412 1517 non
423 1446 552 1539 jubeat
569 1447 836 1541 recompensari.

246 1653 323 1739 Gap.
336 1668 385 1734 27.
409 1650 527 1717 Diebus
533 1653 664 1737 seriatis
669 1653 797 1738 judam
810 1675 871 1719 oon
875 1656 973 1739 fidat.

140 1798 252 1872 Feriis
278 1798 451 1871 institutis
476 1799 521 1868 ad
547 1799 717 1872 honorem
743 1801 824 1886 Dei,
841 1809 883 1872 ut
906 1811 993 1873 sunt
1017 1825 1138 1874 omnes

88 1919 169 1989 festi
200 1917 284 1999 dies,
313 1938 334 1986 a
360 1914 482 1986 litibus
516 1924 553 1987 et
576 1916 721 2008 judiciis
754 1917 922 1990 abstineri
951 1917 1136 2003 volumus3

87 2056 203 2127 neque
233 2040 343 2103 testes
372 2031 427 2103 his
454 2032 672 2125 temporibus
699 2034 819 2104 dicent
848 2035 1065 2119 testimonia,
1085 2044 1136 2106 at·

88 2175 157 2246 que
192 2170 374 2244 processus
412 2155 498 2218 tunc
538 2149 634 2232 facti,
668 2157 707 2220 et
739 2151 918 2221 sententia
952 2149 1027 2222 lata
1067 2174 1136 2223 non

87 2268 231 2340 valebit.

138 2384 348 2479 Repentina
377 2382 482 2467 feriae,
506 2405 584 2475 quae
604 2381 706 2474 jussu
734 2390 861 2454 nostrae
891 2386 1002 2478 regiae
1029 2387 1136 2478 maje-

87 2502 190 2572 statis
224 2499 431 2568 indicnntur
465 2497 519 2568 vel
557 2497 603 2569 ob
637 2521 693 2568 res
726 2497 877 2569 feliciter
914 2508 1046 2592 gestas,
1080 2499 1135 2572 vel

87 2626 231 2710 propter
258 2616 563 2707 inaugurationem
593 2617 704 2708 regni,
733 2615 788 2685 vel
819 2614 977 2708 publicas
1007 2616 1138 2712 suppli·

88 2736 256 2816 cationes,
291 2731 386 2800 feriis
429 2731 600 2802 institutis
638 2731 682 2800 ad
721 2731 890 2802 honorem
925 2730 995 2803 Dei
1033 2745 1137 2806 sunto

87 2874 189 2944 pares
223 2858 260 2919 et
294 2848 452 2939 ejusdem
487 2848 640 2930 rationis,
675 2856 786 2939 utque
820 2848 888 2918 illis
921 2851 1138 2920 contendere

88 2991 160 3037 non
186 2965 271 3038 licet
295 2965 332 3033 in
352 2965 501 3056 judici0,
519 2964 640 3055 (etiam
666 2964 863 3035 volentibus
885 2965 1071 3057 partibus)
1089 2967 1138 3035 ita

90 3083 226 3153 inistis
250 3104 320 3151 non
344 3079 567 3152 concedatur.

346 3287 424 3372 Oap.
437 3288 486 3351 28.
515 3287 591 3354 Quoe
605 3285 639 3348 in
645 3285 744 3370 sorita
760 3285 878 3350 liceum.

140 3433 184 3504 In
209 3434 316 3520 feriiS,
335 3457 412 3525 quae
432 3434 476 3503 ad
494 3454 618 3524 pacem
642 3443 679 3502 et
700 3432 921 3503 concordiam
945 3438 1133 3526 pertinent,

89 3553 165 3622 fieri
182 3554 432 3644 permittimus,
450 3560 491 3620 ut
502 3551 714 3640 juramenta
729 3557 832 3641 pacta
839 3547 860 3631 ¹,
872 3554 1133 3625 transactiones.

92 3667 232 3739 Licebit
260 3669 368 3738 etiam
397 3667 451 3738 his
480 3665 604 3735 diebus
634 3664 884 3735 miserabilium
910 3689 1132 3759 personarum

90 3807 211 3854 causas
229 3807 343 3876 agere.

565 3925 570 3962 ¹
588 3925 670 3982 iacta.
