2692 4800
145 257 193 329 92
466 272 514 322 nn
541 271 679 323 n1v1u1s
705 271 867 324 ormena

210 591 287 676 Oap.
301 591 330 654 8.
355 586 517 674 Doricum
534 611 617 656 coeuo
632 592 762 658 Domini
777 593 1050 680 quidsacs'mdum
1063 596 1133 662 riu.

196 729 236 801 si
263 752 398 800 mensae
423 728 569 800 Domini
596 730 795 825 legitimus²
819 733 1050 805 convivarum
1076 757 1192 808 nume·

145 869 204 918 rus
237 846 404 929 debrerit,
431 843 566 916 nullam
599 847 719 939 potius
751 870 860 940 quam
894 846 1090 920 solitariam
1122 871 1193 921 esse

145 960 331 1032 volumus:
363 961 425 1032 sed
452 961 612 1031 minister
637 961 813 1056 ingratam
838 972 878 1036 et
901 963 1051 1057 impiam
1078 963 1192 1058 populi

145 1077 399 1173 negligentiam
426 1075 555 1146 acriter
580 1076 791 1171 objurgabit,
817 1078 912 1172 qnod
941 1079 987 1150 ab
1013 1102 1082 1151 usu
1106 1079 1193 1152 salu·

145 1193 287 1264 berrimi
318 1191 629 1284 pretiosissimique
663 1192 875 1264 sacramenti
911 1216 950 1265 se
979 1203 1192 1279 removeant,

144 1332 211 1381 nec
253 1307 327 1379 ullo
363 1309 471 1379 modo
513 1308 714 1394 convenire,
749 1309 844 1381 solus
879 1318 921 1381 ut
957 1311 996 1381 in
1034 1313 1193 1383 convivio

145 1434 290 1519 propter
313 1423 446 1495 multos
471 1424 639 1495 instituto
664 1425 797 1508 sedeat,
816 1427 877 1497 sed
903 1426 967 1498 has
992 1450 1014 1498 a
1039 1427 1193 1499 Domino

146 1540 340 1635 singulares
365 1541 562 1611 animorum
589 1540 732 1613 delicias
757 1542 802 1612 ad
824 1539 1063 1614 Christianam
1090 1568 1194 1639 quan-

146 1656 227 1727 dam
253 1658 412 1727 omnium
438 1659 732 1729 communitatem
757 1659 896 1751 piorum
921 1658 1066 1732 relictas
1091 1660 1194 1732 fuisse

145 1773 299 1845 docebit.
365 1773 525 1856 Quodsi
552 1773 808 1846 divinissimum
834 1775 902 1846 hoc
928 1779 1062 1849 mentis
1087 1778 1194 1871 pabu-

146 1888 220 1959 lum
255 1889 401 1959 immani
427 1889 560 1960 scelere
594 1896 836 1972 contemnant,
862 1888 919 1959 vel
949 1889 1111 1961 horribili
1144 1893 1195 1962 in·

145 2007 363 2102 gratitudine
407 2006 579 2089 deserant,
622 2028 721 2077 suam
763 2004 909 2088 nullam,
947 2006 1011 2078 sed
1054 2006 1195 2079 illorum

145 2125 339 2194 maximam
375 2131 413 2194 et
445 2121 657 2218 flagitiosam
692 2144 768 2193 esse
801 2123 1079 2215 improbitatem,
1104 2148 1128 2196 a
1159 2147 1195 2197 se

146 2242 290 2333 quidem
317 2240 436 2310 omnia
460 2240 686 2334 suppeditata
708 2262 795 2323 esse,
813 2239 965 2311 coelestis
987 2250 1030 2311 nt
1056 2240 1125 2312 iste
1148 2242 1196 2313 ci-

146 2357 212 2428 bus
237 2356 474 2450 expediretur,
501 2357 653 2450 angique
679 2378 717 2428 se
743 2355 973 2426 vehementer
997 2357 1093 2449 quod
1118 2357 1196 2430 illo·

146 2497 225 2543 rum
261 2473 428 2544 barbarus
464 2482 502 2543 et
544 2472 710 2565 profanus
746 2472 802 2542 vel
835 2482 959 2566 stupor
992 2473 1049 2544 vel
1085 2475 1194 2548 fastus

147 2589 268 2684 epulas
302 2599 375 2659 tam
403 2591 478 2684 pias
503 2602 541 2658 et
567 2591 777 2661 necessarias
803 2589 990 2673 distulerit,
1016 2599 1118 2662 etse
1149 2592 1194 2663 ab

147 2706 216 2776 illis
254 2707 495 2798 maximopere
530 2706 756 2787 contendere,
782 2707 983 2797 proximum
1018 2730 1065 2778 ne
1099 2709 1192 2780 diem

147 2825 363 2895 dominicum
384 2822 459 2892 ullo
481 2824 587 2892 modo
608 2821 952 2914 pretermittendum
974 2822 1192 2895 existiment.

148 2939 324 3010 Praeterea
356 2961 550 3032 pauperum
584 2937 654 3008 illis
692 2959 833 3008 causam
871 2937 1063 3033 diligenter
1100 2962 1193 3010 com·

148 3059 305 3143 mandet,
324 3065 365 3127 ut
388 3056 529 3126 illorum
554 3055 781 3125 necessitates
804 3053 1001 3126 sublevent.

247 3252 324 3338 (lap.
336 3274 366 3337 9.
390 3250 612 3316 Pomeridiano
627 3258 754 3336 tempore
768 3249 1031 3337 quodfactcadum
1045 3252 1099 3316 sit.

199 3392 436 3465 Pomeridiani
475 3392 643 3485 temporis
680 3391 804 3462 horam
843 3391 994 3483 primam
1034 3390 1194 3463 minister

148 3508 357 3602 explicando
383 3508 598 3580 catechismo
624 3507 768 3590 tribuat,
793 3507 894 3578 etin
919 3528 963 3577 ea
987 3529 1026 3578 re
1051 3507 1109 3578 vel
1142 3509 1194 3578 in-

147 3635 284 3721 tegram
310 3626 433 3696 horam
458 3634 577 3719 ponat,
598 3624 655 3696 vel
680 3622 815 3715 aliquid
841 3647 885 3695 eo
909 3621 1118 3717 amphuasi
1146 3625 1194 3693 vi·

148 3745 300 3827 debitur,
318 3744 426 3814 modo
449 3742 608 3814 concioni
631 3763 702 3810 non
728 3741 774 3811 sit
799 3740 1069 3832 impedimento,
1088 3762 1192 3834 quam

146 3862 184 3931 in
214 3861 363 3932 eeclesia
390 3858 583 3931 cathedrali
610 3855 762 3951 populus
788 3857 1014 3951 expectabit3
1049 3859 1192 3928 omnino

147 3978 243 4048 enim
267 3975 384 4047 illam3
406 3975 577 4069 praeteriri
602 3997 673 4044 non
697 3974 814 4065 placet
834 3983 897 4044 aut
918 3973 1075 4044 destitui.
1128 3974 1192 4045 Ca·

148 4093 359 4165 techismum
392 4100 585 4185 pertractet
617 4090 671 4160 vel
709 4091 783 4182 ipse
818 4091 1000 4182 parochus,
1027 4088 1084 4161 vel
1119 4090 1190 4183 ejus

302 4306 308 4343 ¹
326 4309 362 4365 sit
377 4327 429 4366 om.
594 4305 606 4343 ²
619 4305 763 4382 legitimis.
928 4303 940 4340 ³
952 4305 1042 4363 illum.
