2692 4800
383 325 673 381 palummum
697 325 744 377 m
768 322 959 378 mvoamu.
1145 309 1193 386 49

143 481 468 555 considerationem
488 481 630 554 habent.
683 478 843 552 Primum
867 480 963 552 enim
985 500 1057 550 non
1079 475 1195 549 solum

145 599 183 668 in
200 597 373 693 legitimis
388 598 622 670 matrimoniis
642 597 751 669 talem
773 596 908 668 habent
930 594 1194 690 dispositionem

146 713 289 807 qualem
317 715 395 808 J‘am
428 714 618 808 posuimus,
654 715 715 785 sed
749 713 904 784 eundem
935 713 973 783 iu
1007 733 1194 805 corporum

147 829 338 926 illegitima
358 831 608 924 conjunctione
628 829 746 902 locum
769 830 914 901 habent.
966 827 1077 899 Filius
1098 827 1194 897 enim

147 968 218 1039 quo
231 947 316 1039 jure
331 954 483 1017 matrem
506 968 576 1017 non
593 955 713 1041 potest
735 968 884 1017 uxorem
901 967 1051 1026 sumere,
1068 943 1195 1015 ecdem

147 1086 216 1135 nec
239 1063 351 1155 patris
373 1062 603 1134 concubinam
626 1063 756 1134 habere
779 1070 907 1156 potest,
925 1070 963 1131 et
985 1068 1087 1154 pater
1108 1083 1196 1152 quo-

148 1180 257 1250 modo
272 1179 337 1250 filii
353 1201 425 1251 non
443 1180 551 1250 debet
574 1202 723 1252 uxorem
745 1187 973 1261 contractare,
992 1178 1042 1249 sic
1066 1176 1112 1248 ab
1133 1175 1196 1247 illa

149 1315 187 1365 se
203 1317 388 1368 removere
401 1295 518 1377 debet
533 1317 604 1388 qua
615 1295 709 1367 lilius
726 1302 782 1366 cst
794 1294 934 1366 abusus.
962 1292 1043 1378 Qua
1059 1292 1196 1363 ratione

150 1421 264 1483 mater
285 1433 354 1484 nec
375 1434 458 1483 cum
480 1411 565 1482 liliae
586 1413 714 1482 marito
733 1412 838 1506 jungi
861 1410 981 1494 debet,
998 1432 1066 1481 nec
1085 1408 1195 1480 etiam

150 1550 230 1599 oum
253 1527 317 1599 illo
339 1528 505 1623 congredi
527 1528 587 1621 qni
609 1525 735 1599 filicm¹
759 1527 980 1621 oppresserit.
1032 1524 1197 1596 Secunda
1206 1536 1248 1599 24

150 1643 259 1716 ratio²
280 1655 436 1728 estnon
457 1644 571 1716 solum
594 1645 679 1716 istos
702 1645 838 1715 maritis
860 1643 977 1714 adhuc
1000 1642 1197 1737 superstiti·

150 1760 214 1832 bus
239 1760 393 1855 disjungi
417 1782 583 1854 personas
608 1783 694 1852 quas
720 1761 887 1842 diximus,
904 1758 965 1830 sed
991 1758 1101 1828 etiam
1126 1757 1197 1829 illie

150 1883 299 1959 mortuis
315 1883 409 1953 idem
424 1890 597 1975 perpetuo
611 1880 739 1954 valere.
775 1880 1085 1966 Quemadmodum
1099 1879 1196 1950 euim

150 2004 318 2079 horribile
343 2003 516 2097 flagitium
542 2011 598 2074 est
620 2004 656 2073 in
682 2004 755 2074 vita
780 2003 900 2096 patris,
917 2002 1043 2082 fratris,
1067 2001 1196 2095 patrui,

149 2130 212 2192 aut
230 2120 408 2204 avunculi,
424 2119 555 2191 audere
577 2119 719 2190 illorum
742 2143 870 2191 uxores
887 2117 1028 2200 violare,
1045 2118 1095 2188 sic
1115 2126 1196 2210 post

150 2247 303 2309 mortem
328 2237 468 2307 illorum
495 2237 760 2308 matrimonium
785 2259 867 2307 cum
893 2234 963 2306 illis
988 2233 1196 2305 contrahere

151 2377 270 2447 parem
289 2352 544 2447 turpitudinem
563 2353 684 2424 habet.

252 2560 333 2647 Gap.
349 2576 379 2645 7.
397 2561 542 2647 depactio
554 2561 728 2648 spirituales
741 2581 800 2626 aon
813 2560 941 2648 impedit
953 2560 1088 2646 nuptias.

198 2687 402 2782 Spiritualis
417 2687 480 2759 illa
495 2710 573 2781 quae
590 2687 697 2782 vulgo
714 2688 844 2758 dicitur
863 2685 1096 2765 necessitudo,
1113 2706 1195 2754 cum

150 2827 215 2876 nec
240 2804 387 2875 inducta
411 2804 457 2874 sit
482 2804 588 2875 sacris
613 2803 813 2897 Scripturis,
835 2826 903 2873 nec
925 2801 1007 2872 ullis
1028 2800 1197 2870 fulciatur

151 2920 269 2991 solidis
287 2930 325 2991 et
335 2919 446 2990 firmis
461 2920 665 3001 rationibus,
676 2919 892 2989 matrimonii
903 2940 1044 2990 cursum
1056 2939 1196 3010 prorsus

151 3035 320 3131 impedire
337 3059 410 3106 non
427 3035 546 3107 debet.

272 3439 341 3513 DE
366 3441 681 3515 ADULTERIIS
707 3442 771 3516 ΕΤ
796 3440 1073 3516 DIVOR'I'IIS.

335 3636 413 3724 Cap.
429 3658 456 3702 1.
472 3637 640 3703 Adcltssia
653 3660 752 3703 soom
759 3639 921 3725 punienda
935 3657 1003 3706 ms.

195 3765 394 3861 Turpitudo
407 3778 481 3840 tam
492 3769 669 3840 horribilis
678 3770 932 3841 adulteriorum
943 3780 1008 3857 est,
1018 3780 1059 3842 ut
1072 3779 1194 3865 aperte

149 3882 307 3980 decalogi
336 3895 515 3978 praecepto
542 3886 703 3957 confossa
732 3888 789 3970 sit,
815 3896 853 3957 et
881 3887 991 3958 etiam
1017 3887 1195 3959 veteribus

148 3999 274 4071 divinis
296 4000 435 4095 legibus
456 4023 521 4093 per
544 4000 675 4073 Mosen
698 4002 779 4074 latis
801 3998 945 4095 publica
963 4002 1085 4095 populi
1109 4003 1195 4096 lapi-

148 4123 291 4195 datione
320 4124 448 4195 obruta
474 4135 513 4195 et
542 4125 751 4220 consepulta
781 4135 894 4215 esset3
934 4127 1087 4219 denique
1111 4126 1193 4218 jure

309 4324 319 4364 Ι
334 4332 397 4389 quie
411 4314 509 4372 lilium.
902 4309 1030 4373 ²ceutio.

665 4434 689 4482 Ε
