2692 4800
487 307 536 358 nn
561 306 953 361 nxcorruurucarroris.
1172 288 1244 367 167

384 1026 454 1156 Dll
485 1024 1056 1100 EXOOMMUNICA'I'IONE.

433 1241 512 1326 (lap.
526 1260 552 1305 r.
579 1240 668 1311 Quid
679 1239 720 1306 sit
732 1241 1007 1306 wmmmuuacatio

246 1378 581 1451 Excornmunicatio
610 1378 752 1470 (melius
774 1389 829 1453 eet
854 1381 950 1452 euim
971 1402 1096 1474 parum
1115 1379 1244 1454 Latine

192 1518 300 1595 quarn
327 1520 452 1591 parum
477 1506 561 1591 apte
586 1494 698 1590 loqui)
725 1505 881 1590 potestas
906 1506 961 1567 eet
985 1505 1024 1567 et
1048 1496 1244 1570 authoritas

189 1613 238 1683 ad
262 1612 459 1684 Ecclesiam
485 1635 508 1683 a
532 1611 612 1684 Deo
638 1613 810 1706 profecta,
827 1636 908 1705 quae
933 1612 1144 1684 facinorosas
1167 1635 1244 1705 per-

184 1750 306 1812 sonas,
335 1729 392 1800 rel
422 1730 468 1800 de
496 1727 666 1823 religione
696 1737 815 1800 nostra
845 1736 1010 1822 corrupte
1040 1728 1243 1811 sentientes,

182 1846 301 1916 etad
328 1867 428 1917 suam
459 1845 722 1939 improbitatem
749 1845 1077 1928 adhaemscentes,a
1101 1866 1244 1938 percep·

181 1962 291 2033 tione
321 1969 633 2046 sacramentorum,
660 1970 698 2033 et
726 1963 834 2032 etiam
861 1960 1139 2032 Christianorum
1175 1962 1244 2032 fra·

181 2093 290 2150 trum
315 2100 394 2161 usu,
420 2079 593 2172 tantisper
616 2088 829 2161 summovet,
855 2080 969 2150 donec
994 2101 1117 2150 sensus
1142 2102 1244 2150 sanos

182 2193 452 2289 recollegerint,
471 2204 508 2266 et
528 2194 735 2267 salutarium
758 2197 1015 2291 cogitationum
1038 2204 1123 2289 apta
1144 2197 1245 2291 aigne

184 2307 370 2391 dederint,
387 2316 424 2380 et
442 2330 563 2402 poenas
585 2310 695 2380 etiam
712 2309 966 2380 ecclesiasticas
986 2309 1149 2391 adierint,
1166 2309 1244 2401 qui·

183 2423 258 2496 bus
292 2426 423 2498 ferocia
457 2428 570 2500 carnis
599 2428 853 2521 comprimitur,
883 2436 925 2497 ut
955 2426 1097 2520 spiritus
1126 2425 1243 2499 salvus

184 2540 264 2613 fiat·
332 2654 412 2741 (lap.
429 2676 458 2721 2.
485 2655 603 2728 Quibus
617 2658 881 2722 cummunicato
896 2657 1109 2723 committitur.

241 2792 403 2865 Ecclesia
428 2794 546 2868 claves
570 2797 708 2890 accepit
732 2819 755 2867 a
776 2795 929 2879 Christo,
953 2795 1081 2889 quibua
1106 2794 1241 2890 ligandi

192 2918 348 3002 potestas
377 2919 415 2981 et
443 2909 602 2982 solvendi
635 2913 849 2982 continetur.
910 2911 1089 2996 Quoniam
1119 2922 1241 2985 autem

191 3026 235 3096 ad
260 3026 335 3097 baec
365 3035 462 3098 recte
491 3026 600 3099 debet
625 3036 663 3099 ct
685 3029 807 3098 ordine
833 3028 987 3121 procedi,
1013 3028 1241 3121 quemadmo-

192 3142 276 3212 dum
318 3143 575 3214 administratio
616 3155 925 3226 sacramentorum‚
966 3152 1003 3215 et
1046 3167 1092 3214 ex
1135 3145 1241 3216 sacris

191 3261 369 3354 scripturis
389 3261 619 3333 concionandi
642 3284 780 3345 munus,
797 3262 902 3333 certis
920 3261 1001 3332 viris
1023 3261 1239 3344 deferuntur,

190 3374 240 3447 ita
264 3385 422 3471 potestas
451 3377 827 3450 excommunicationis
852 3379 888 3447 in
914 3378 1084 3448 ministris
1109 3385 1147 3449 et
1174 3401 1240 3471 gu-

190 3491 433 3564 bernatoribus
463 3493 689 3566 ecclesiarum
716 3495 886 3577 consedit,
913 3503 954 3564 ut
979 3493 1031 3564 illi
1061 3516 1238 3565 sacmrum

189 3608 438 3703 scripturarum
464 3612 641 3681 sententia
666 3621 704 3680 et
730 3611 852 3704 regula
878 3610 1097 3704 disciplinam
1120 3612 1157 3680 in
1183 3633 1238 3682 aa·

188 3734 370 3797 crosancta
391 3727 536 3797 Domini
563 3749 663 3798 coena
688 3728 857 3809 sanciant,
878 3737 915 3797 et
939 3727 1135 3818 dijudicent
1160 3750 1237 3819 quae

188 3863 347 3932 persouae
375 3864 497 3912 mensa
523 3842 698 3937 pellendae
729 3843 857 3923 divina,
883 3866 964 3935 quae
991 3843 1061 3912 sint
1087 3841 1130 3912 ad
1157 3866 1235 3913 eam

187 3959 414 4029 assumendo.
473 3958 695 4029 Nominatim
728 3981 811 4029 vero
841 3959 1079 4028 moderatores
1113 3968 1149 4027 et
1180 3982 1236 4030 ec-

188 4072 370 4145 clesiarum
399 4077 506 4145 duces
536 4086 619 4145 suut
644 4075 906 4169 archicpiscopi,
934 4076 1098 4167 episcopi,
1123 4075 1235 4145 archi·

187 4189 333 4271 diaconi,
353 4191 486 4274 decani,
505 4192 658 4283 denique
683 4192 884 4284 quicunque
907 4199 989 4260 sunt
1011 4190 1056 4260 ab
1077 4189 1234 4262 Ecclesia

186 4306 226 4376 ad
246 4307 313 4377 hoc
333 4330 459 4376 mimus
477 4307 637 4378 adhibiti.

1254 1033 1296 1098 to
