2692 4800
447 315 492 369 ar
516 317 603 369 mnu
629 317 842 371 csrnomcs.
1146 306 1168 370 3

116 471 289 555 ascendit,
308 471 428 564 ibique
444 473 497 542 ita
513 472 614 543 sedet
631 472 676 543 ad
694 472 878 543 dexteram
898 470 1022 559 Patris,
1040 481 1169 545 utnon

116 588 251 680 ubique
277 587 334 667 sit,
353 588 483 681 quippe
506 610 612 680 quem
638 595 779 681 oportet
803 589 839 657 in
863 586 953 659 coelo
976 610 1168 671 remanere,

115 702 291 795 usquead
311 713 452 796 tempus
475 703 710 774 restitutionis
727 703 896 786 omniurn,
914 727 995 774 cum
1013 706 1056 775 ad
1072 704 1168 796 judi-

114 821 271 891 candum
299 821 398 891 vivos
423 830 460 891 et
485 830 644 891 mortuos
672 821 801 903 veniet,
826 830 867 891 ut
892 822 1017 892 reddat
1038 822 1167 914 cuique

106 937 217 1028 juxta
234 959 345 1030 opera
361 960 435 1009 sua.

401 1092 480 1179 (lap.
495 1110 528 1179 5.
551 1093 600 1158 Do
613 1092 709 1183 tribuo
723 1092 878 1179 Symbola

166 1213 223 1286 Er
239 1216 408 1308 quoniam
430 1217 549 1300 omnia
573 1218 696 1300 ferme,
714 1240 791 1310 quae
814 1218 859 1288 ad
875 1216 983 1287 fidem
1004 1228 1167 1311 spectant

113 1330 337 1415 catholicam,
356 1340 435 1403 tum
458 1333 573 1425 quoad
594 1332 829 1404 beatissimam
848 1332 1069 1417 Trinitatem,
1088 1343 1166 1407 tum

114 1449 232 1539 quoad
262 1449 433 1541 mysteria
465 1459 594 1520 nostrae
623 1449 886 1542 redemptionis,
915 1450 1029 1521 tribus
1063 1450 1168 1546 Sym-

114 1563 215 1645 bolis,
247 1564 316 1635 hoc
356 1573 422 1648 est,
452 1563 674 1658 Apostolico,
707 1564 857 1650 Niceno,
891 1577 928 1638 et
963 1566 1165 1654 Athanasii,

114 1678 272 1750 breviter
296 1681 543 1765 continentum
577 1682 707 1752 idcirco
733 1684 802 1752 iata
826 1683 894 1752 tria
920 1681 1098 1776 Symbola,
1124 1695 1166 1756 ut

114 1794 198 1865 fidei
225 1806 356 1867 nostrae
384 1798 593 1890 compendia
618 1798 793 1889 quaedam,
815 1798 1003 1890 recipimus
1028 1808 1066 1869 et
1091 1823 1166 1871 am·

113 1909 317 2002 plectimur,
342 1913 436 2002 quod
461 1911 668 1982 firmissimis
694 1913 891 1983 divinarum
918 1921 955 1984 et
981 1916 1165 1986 canonica-

113 2049 192 2096 rum
212 2025 476 2119 Scripturarum
495 2029 707 2099 testimoniis
730 2029 834 2100 facile
857 2029 996 2122 probari
1019 2031 1162 2124 possint.

196 2204 275 2290 Gap.
292 2207 321 2270 6.
348 2207 424 2287 Quce
436 2207 498 2271 aiat
512 2207 667 2272 canonice
682 2209 862 2294 atemptare,
879 2209 981 2294 quoted
994 2219 1078 2274 caus

526 2311 753 2375 Tastuawntum.

163 2431 225 2503 Ur
247 2441 369 2504 autem
391 2455 472 2525 quae
498 2434 569 2504 sint
594 2432 785 2526 Scriptura
810 2431 882 2503 illae
907 2434 1097 2514 canonicae,
1116 2457 1161 2506 ex

110 2551 242 2643 quibus
269 2549 352 2621 solis
378 2550 558 2644 religionis
582 2559 621 2621 et
644 2551 726 2621 lidei
750 2551 917 2644 dogmata
940 2559 1101 2624 constare
1124 2562 1162 2623 et

110 2666 312 2737 confirmari
346 2666 490 2750 debent,
524 2691 594 2737 non
637 2667 819 2761 ambigant
852 2667 984 2748 fideles,
1020 2668 1160 2739 illarum

109 2781 312 2877 catalogum
330 2782 388 2853 hic
405 2783 650 2853 ascribendum
669 2783 846 2865 duximus,
863 2784 974 2854 secuti
993 2785 1029 2854 in
1049 2785 1159 2855 veteri

108 2899 340 2971 Testamento
370 2898 482 2982 illum,
512 2922 583 2992 quo
609 2897 753 2970 Hebraei
784 2907 946 2982 utuntur,
977 2900 1158 2985 ordinem3

108 3016 170 3108 qui
188 3015 239 3087 sic
255 3015 376 3087 habet.

197 3152 288 3217 Libri
303 3153 407 3233 Mosis
421 3152 569 3241 quinque.
664 3153 740 3218 Job.

194 3253 316 3320 Josuae.
665 3256 849 3321 Proverbia.

194 3356 357 3423 Judicum.
660 3358 1154 3445 DanichsepositisApocrpphis.

195 3461 350 3527 Samuelis
367 3482 396 3529 2.
658 3462 922 3548 Paralipomenon
940 3483 967 3531 2.

194 3563 318 3650 Regum
335 3583 364 3630 a.
657 3565 824 3631 Canticum
840 3565 1051 3632 canticorum.

193 3664 316 3732 Esaias.
654 3668 752 3732 Ruth.

194 3766 385 3833 Hieremias.
655 3769 782 3834 Throni.

193 3868 349 3936 Ezechiel.
652 3871 870 3938 Ecclesiastes.

194 3971 364 4060 Prophetae
380 3971 516 4038 minores
534 3991 584 4039 12.
648 3974 778 4039 Hester.

191 4076 395 4142 Psalterium.
649 4076 779 4156 Eamus,
795 4083 829 4142 et
845 4075 1024 4141 Nehemias.

155 4179 290 4255 Omnes
321 4184 381 4255 isti
411 4181 503 4268 libri,
535 4205 622 4274 quos
655 4184 905 4265 recensuimus,
935 4191 1033 4253 certo
1066 4192 1150 4253 sunt

103 4320 273 4371 canonici.

581 4423 645 4489 1³2
