2692 4800
460 263 509 312 DE
534 263 661 314 SUMMA
683 262 878 313 TRINITATE

314 480 391 566 (lap.
409 496 438 564 7.
460 478 553 544 Libri
566 480 659 557 sueni,
675 501 736 544 noa
750 485 854 545 tumen
867 478 1017 546 canonici

196 602 304 674 Liber
333 624 417 673 vero
445 603 505 695 qui
534 601 718 695 Sapientia
747 600 947 673 Salomonis
975 601 1196 689 inscribitur,

145 698 424 802 Ecclesiasticus,
448 719 537 790 item
562 716 701 802 Judith‚
724 708 864 803 Tobia's,
886 716 1043 805 Barueh,
1066 720 1196 791 tertius

145 844 183 906 et
212 846 358 928 quartus
384 835 514 917 Esdrae,
541 834 621 906 libri
653 834 954 920 Machabaeorum,
983 858 1079 906 cum·
1094 832 1197 929 Apo-

145 951 284 1046 cryphis
303 951 437 1023 Hester
453 962 491 1022 et
509 950 679 1034 Danielis,
696 951 864 1046 leguntur
881 953 1025 1045 quidem
1042 975 1066 1022 a
1081 951 1197 1023 fideli·

144 1071 222 1153 bus,
240 1077 278 1140 et
297 1069 334 1138 in
355 1068 505 1139 ecclesia
524 1068 730 1153 recitantur,
748 1069 843 1160 quod
861 1068 906 1138 ad
922 1067 1195 1139 aedificationem

144 1187 259 1281 plebis
285 1185 437 1278 plurima
465 1186 502 1255 in
529 1184 600 1256 illis
626 1185 778 1267 valeant,
806 1184 935 1277 quibus
968 1192 1092 1255 tamen
1122 1208 1196 1256 non

144 1313 285 1375 tantum
311 1302 536 1401 authoritatis
564 1301 743 1385 tribuitur,
769 1310 812 1373 ut
838 1301 920 1372 fidei
947 1309 1081 1372 nostrae
1108 1300 1197 1397 dog-

143 1430 242 1491 mata
264 1443 309 1491 ex
333 1420 416 1513 ipsis
441 1418 523 1490 solis
549 1428 587 1490 et
612 1419 801 1512 separatim
825 1418 915 1488 citra
939 1416 1026 1488 alios
1052 1418 1196 1489 indubi-

144 1547 228 1608 tatae
256 1535 449 1628 Scripturae
477 1533 573 1606 locos
600 1535 782 1618 constitui,
809 1534 1108 1628 constabilitique,
1138 1535 1196 1608 vel

143 1653 288 1746 possint,
306 1649 363 1721 vel
386 1650 554 1722 debeant.
605 1649 698 1720 Sunt
722 1674 807 1745 ergo
830 1661 974 1723 etcum
990 1652 1133 1744 judicio
1157 1662 1196 1725 et

144 1769 259 1841 sobrie
275 1769 334 1840 isti
352 1776 429 1839 tum
447 1768 612 1838 audiendi
632 1777 710 1839 tum
729 1767 881 1863 legendi.

285 1998 365 2083 Cap.
383 1997 413 2062 8.
437 1998 486 2062 De
501 1995 589 2061 libris
604 1995 755 2061 canonicis
768 1997 838 2061 neci
857 1999 1047 2064 Testamenti.

194 2121 239 2191 In
264 2143 356 2193 novo
387 2129 508 2190 autem
534 2119 773 2203 Testamento,
799 2143 863 2213 pro
888 2123 1067 2193 canonicis
1096 2121 1194 2194 libris

144 2238 304 2333 agnoscit
320 2246 358 2307 et
375 2235 534 2307 admittit
551 2234 715 2306 Ecclesia
731 2235 796 2308 hos
813 2238 875 2330 qui
894 2249 1102 2332 sequuntur.

428 2466 564 2546 Qantuor
577 2464 759 2550 Eeeapelie,
774 2465 920 2546 uidelicet,

275 2582 438 2648 Matthaei.
696 2582 801 2647 Lucae.

277 2685 390 2751 Marci.
692 2685 715 2748 J
717 2685 861 2751 ohannis.

530 2908 609 2971 Acte
624 2905 804 2991 Apostoliea.

489 3109 645 3196 Epistulas
659 3108 759 3174 Pauli
772 3110 818 3174 ad

274 3207 446 3287 Romanos.
708 3219 1006 3287 Thessalonicenses
1022 3243 1051 3290 2.
1089 3280 1099 3295 .

275 3323 459 3393 Corinthios
476 3344 506 3388 2.
707 3323 910 3388 Timotheum
928 3345 955 3393 a.

277 3430 422 3495 Galatas.
714 3426 832 3490 Titum.

276 3531 443 3620 Ephesios.
718 3530 947 3596 Philemonem.

277 3637 508 3723 Philippenses.
722 3633 891 3698 Hebraeos.

277 3740 486 3806 colossenses.

498 3956 655 4042 Epistulas
673 3958 845 4021 Uettonicae

278 4064 301 4127 J
303 4063 394 4128 acobi
414 4083 440 4126 1.
763 4061 786 4124 J
788 4061 923 4126 ohannis
939 4085 968 4150 3.
1192 4074 1208 4140 3

280 4168 370 4233 Petri
388 4164 417 4233 α’.
761 4165 784 4228 J
787 4166 857 4230 udae
877 4188 904 4229 1.

559 4266 785 4353 Apocalypaim.
