2692 4800
457 309 506 361 ns
522 309 913 362 axcouuonrcarronn
1122 294 1194 361 185
1247 320 1250 325 <

152 462 216 534 boc
238 485 393 556 praesens
414 485 534 535 meum
552 473 615 534 ant
638 462 767 535 ullum¹
792 464 993 557 hujusmodi
1014 462 1110 534 aliud
1133 465 1195 535 ad·

154 580 313 650 ducatur.
364 577 444 649 Imo
461 580 583 648 terreri
604 580 722 672 potius
743 581 882 650 miseria
900 601 961 649 vos
983 601 1064 649 mea
1080 580 1194 662 decet,

153 718 197 767 ne
213 694 322 767 simili
339 717 401 767 vos
417 694 589 767 dedecore
607 696 864 768 contaminatis.
907 694 1048 766 Deinde
1064 694 1196 788 suppli·

153 813 239 884 citer
256 834 279 882 a
294 810 394 883 vobis
411 818 506 904 peto,
517 833 580 903 per
595 812 804 881 immensam
822 810 968 881 Domini
986 813 1096 881 nostri
1106 808 1193 883 Jesu

152 927 282 1000 Christi
304 927 526 1010 charitatem,
543 950 607 1021 per
631 928 706 1018 ejus
729 927 988 998 acerbissimam
1011 929 1192 999 mortisia

151 1067 256 1116 cruce
282 1045 552 1137 perpessionem,
570 1065 642 1135 qua
668 1052 784 1113 totum
812 1066 924 1138 genus
952 1044 1145 1114 humanum
1173 1066 1194 1114 a

150 1159 282 1232 diaboli
316 1157 463 1230 vinculis
496 1158 670 1244 liberavit,
702 1168 743 1229 ut
777 1182 927 1252 praesens
960 1159 1027 1230 hoc
1061 1161 1193 1231 crimen

148 1296 272 1345 meum
302 1274 519 1357 condonetis,
546 1275 583 1344 in
614 1297 684 1366 quo
714 1274 1012 1367 preclarissimam
1040 1273 1195 1345 ecclesie

149 1402 274 1462 vestrae
300 1391 505 1462 societatem
537 1392 687 1482 turpiter
715 1391 906 1483 inquinavi.
962 1390 1103 1461 Deinde
1133 1413 1194 1463 voa

148 1509 259 1580 etiam
279 1529 492 1601 magnopere
516 1530 610 1601 rogo,
628 1530 686 1577 me
707 1530 823 1579 rursus
847 1516 889 1577 ut
909 1507 953 1577 ad
980 1517 1111 1577 coetum
1136 1531 1195 1578 ve-

148 1634 272 1706 strum,
292 1630 563 1717 quantacunque
588 1624 817 1715 perversitate
843 1623 982 1707 brerim,
999 1623 1195 1695 clementer

149 1740 380 1835 abactis?

228 1880 256 1954 il
275 1877 352 1942 lissa
359 1885 470 1963 parer
484 1877 702 1961 arenosorum
716 1876 872 1941 mesiam
886 1877 931 1942 ric
945 1878 1116 1962 latmopst.

196 2021 216 2049 ‘⁸
228 2005 363 2091 Vultis,
375 2008 438 2076 viri
453 2006 587 2090 fratres,
600 2007 683 2077 huic
697 2029 757 2078 reo
768 2008 985 2099 resipiscenti
1000 2030 1097 2078 snam
1110 2031 1193 2079 con·

149 2125 281 2196 donare
298 2121 533 2216 culpamque
549 2132 680 2193 coetum
698 2122 793 2192 hunc
811 2132 965 2193 vestrum
983 2123 1142 2206 offendit,
1155 2134 1194 2195 et

149 2241 226 2334 ejus
246 2261 385 2311 causam
407 2239 654 2310 communibus
671 2239 795 2309 vestris
818 2238 980 2330 precibus
996 2239 1075 2310 Deo
1095 2238 1192 2310 Patri

148 2355 407 2438 commendare,
418 2377 516 2426 suam
535 2363 577 2423 ut
594 2352 645 2423 illi
664 2353 937 2423 misericordiam
954 2353 1193 2445 impartiat,et

147 2470 245 2563 quod
262 2493 327 2542 uos
341 2470 400 2542 hic
416 2472 453 2541 in
471 2471 573 2540 terris
590 2469 748 2551 facimus,
762 2467 823 2539 ille
836 2468 923 2540 velit
939 2470 1035 2539 idem
1052 2471 1089 2538 in
1102 2471 1192 2542 coelo

147 2585 355 2656 confirmare
365 2585 402 2655 ?”
453 2584 680 2677 Respondeat
696 2583 857 2678 populus,
876 2594 896 2622 “
910 2582 1118 2657 Volumus.’'

405 2734 432 2808 l
453 2733 576 2796 Rursus
583 2739 695 2816 postor
708 2731 751 2796 aie
765 2732 933 2818 imnopst.

199 2853 353 2927 “Vultis
369 2877 415 2925 ne
431 2876 531 2925 reum
545 2853 639 2924 hunc
658 2855 692 2923 in
708 2863 865 2925 vestmm
880 2862 1013 2924 coetum
1027 2856 1192 2947 recipere,

147 2971 501 3062 charissimorumque
530 2969 676 3062 posthac
705 2971 742 3040 in
776 2992 924 3040 nomem
954 2969 1102 3041 fratrum
1133 2970 1194 3040 ha·
1313 3002 1320 3021 ‚

146 3089 232 3160 bere
244 3085 282 3157 2”
334 3084 561 3179 Respondeat
578 3084 737 3178 populus,
756 3096 777 3125 “
792 3083 1002 3156 Volumus.”

190 3236 218 3312 'J
237 3234 314 3298 Tam
323 3243 434 3318 pastor
448 3255 532 3298 rcum
547 3235 581 3298 ia
595 3252 696 3319 penno
709 3232 891 3298 inclinatum
905 3233 952 3297 ric
965 3231 1149 3319 allapsam.

198 3362 444 3435 “Charissime
471 3364 589 3446 frater,
608 3363 776 3456 quoniam
798 3364 835 3433 in
862 3371 1053 3455 conspectu
1080 3362 1191 3432 totius

147 3477 305 3550 ecclesia
328 3478 504 3570 professus
528 3500 566 3549 es
588 3479 784 3548 maximum
806 3487 845 3549 et
868 3499 1046 3547 summum
1071 3485 1107 3547 te
1131 3485 1194 3547 tuo

146 3618 193 3667 ex
220 3594 354 3689 flagitio
381 3593 537 3666 dolorem
561 3595 705 3687 cepisse,
724 3602 761 3666 et
783 3595 918 3665 intimis
942 3603 1087 3687 propter
1105 3591 1193 3663 illud

146 3709 307 3781 sensibus
332 3719 549 3780 commotum
578 3710 705 3791 fuisse;
736 3717 905 3801 praterea
927 3730 1008 3779 cum
1033 3706 1196 3778 ecclesia·

147 3827 246 3898 sticoe
258 3825 450 3920 discipline
467 3824 624 3918 poenam²
642 3825 831 3917 tranquille
849 3835 886 3894 et
900 3824 1083 3894 summisse
1101 3823 1196 3893 subi·

96 3957 98 3964 '
146 3942 239 4024 en's3
260 3940 388 4011 deinde
401 3963 483 4011 cum
494 3963 514 4011 a
526 3941 605 4011 Deo
619 3941 773 4012 criminis
788 3941 926 4011 veniam
940 3940 1194 4032 depoposceris,

146 4065 186 4127 et
203 4055 373 4128 eandem³
390 4079 411 4126 a
429 4057 594 4129 iratribus
611 4058 761 4128 demisse
779 4066 816 4126 et
829 4055 1035 4149 suppliciter
1052 4056 1196 4146 requisi·

147 4173 251 4255 veris,
264 4171 493 4242 vehementer
504 4173 549 4243 ab
563 4171 632 4244 illis
649 4171 877 4255 contendeus,
888 4194 934 4242 ne
953 4181 1016 4240 tuo
1029 4169 1195 4262 exemplo
1205 4186 1246 4272 89

274 4305 282 4344 ¹
298 4312 386 4370 ullum
401 4333 451 4370 cm.
577 4307 716 4389 ²poenam
731 4331 783 4368 om.
920 4305 1072 4368 'tandem
