2692 4800
417 318 422 325 ·
534 323 579 374 nu
605 321 802 374 reanumrs.
1120 286 1195 379 ald

145 481 249 551 nudis
275 486 353 550 toto
377 488 548 569 tempore,
564 500 636 569 quo
654 475 710 546 uel
727 475 874 546 homilia
888 476 1081 569 periurium
1105 485 1196 548 trac·

146 608 224 669 taus
240 597 422 679 recitatur,
439 593 495 666 vel
513 595 637 665 concio
660 594 863 688 peragitur3
888 603 996 686 atque
1020 593 1094 665 hac
1116 596 1196 665 uni·

146 736 246 787 versa
278 713 437 806 patiatur
464 712 534 782 isto
563 710 671 781 modo
704 709 818 781 tribus
852 711 977 781 diebus
1010 711 1194 782 dominicis

146 829 315 902 continue
341 825 622 908 succedentibus,
641 825 733 896 etin
750 825 874 896 cistam
897 847 1091 918 pauperum
1112 849 1195 896 con·

149 946 248 1028 ieret,
280 952 454 1037 quantum
489 942 566 1035 ejus
600 941 789 1012 facultates
814 940 1071 1035 judicabuntur
1103 942 1194 1015 ferre

147 1084 258 1156 posse.
309 1058 431 1131 Judici
456 1068 577 1129 tamen
603 1057 841 1129 ecclesiastico
868 1067 1024 1150 potestas
1048 1060 1128 1141 crit,
1154 1069 1196 1130 ut

148 1200 210 1271 pro
223 1176 568 1248 circumstantiarum
585 1174 722 1244 ratione
738 1195 802 1245 sua
818 1174 990 1266 sapientia
1000 1172 1057 1243 vel
1075 1175 1195 1246 demat

148 1295 191 1365 de
208 1293 416 1394 praescripta
432 1313 546 1383 poena,
565 1290 621 1360 vel
638 1289 683 1359 ad
701 1311 779 1359 eam
797 1289 914 1361 addat.
962 1290 1110 1361 interim
1128 1291 1195 1362 hoc

148 1411 232 1503 ipsis
247 1408 431 1502 judicibus
455 1408 585 1477 nostris
603 1405 833 1478 vehementer
857 1408 1080 1499 imperamus,
1100 1409 1196 1478 utin

148 1525 216 1596 hoc
238 1522 397 1594 horribili
425 1523 572 1592 crimine
592 1521 746 1614 perjurii,
767 1523 867 1614 cujus
891 1522 1028 1593 nullum
1050 1526 1196 1595 modum

148 1648 212 1710 aut
228 1639 336 1708 finem
355 1636 515 1706 homines
532 1636 728 1718 inveniunt,
746 1658 816 1705 non
834 1636 1056 1706 conniveant.
1100 1635 1197 1707 Nam

150 1756 177 1826 si
198 1754 388 1846 quicquam
412 1774 534 1821 eorum
561 1751 794 1846 neglexerint,
812 1774 891 1843 quae
908 1774 930 1821 a
945 1751 1047 1822 nobis
1070 1754 1106 1821 in
1130 1752 1198 1824 hoc

149 1891 280 1964 genere
303 1868 482 1959 proposita
506 1877 598 1946 sunt,
610 1869 687 1960 jam
713 1876 819 1938 autea
844 1868 1093 1938 denuntiamus
1117 1866 1198 1949 illis,

149 1986 240 2057 hanc
266 1983 407 2054 illorum
434 1983 643 2076 flagitiosam
670 1984 864 2054 socordiam
889 1985 926 2053 in
946 2006 1125 2053 summum
1146 1983 1199 2052 in-

150 2098 348 2173 cursuram¹
373 2108 533 2170 nostrum
559 2100 691 2169 odium.
744 2098 841 2182 Quin
859 2110 897 2170 et
913 2099 981 2169 hoc
999 2100 1198 2191 aequissime

150 2219 292 2290 videtur
308 2241 330 2288 a
347 2216 449 2286 nobis
469 2216 706 2308 adjiciendum
730 2238 817 2297 esse,
836 2225 877 2285 ut
894 2217 1095 2307 quicunque
1117 2237 1199 2286 cau-

150 2357 224 2406 sam
255 2333 409 2426 perjurio
439 2333 590 2403 scientes
616 2332 788 2415 dederint,
814 2332 946 2401 eisdem
970 2332 1081 2423 poenis
1105 2354 1201 2401 com-

150 2450 425 2544 prehendantur,
445 2447 572 2538 quibus
594 2447 736 2539 perjurii
754 2447 934 2516 convictos
951 2455 1034 2515 ante
1051 2445 1200 2536 subjeci·

149 2564 258 2637 mus2.
314 2563 394 2634 Hoc
420 2574 540 2634 autem
569 2565 772 2633 summatim
794 2562 838 2633 ad
865 2585 987 2632 omnes
1013 2562 1199 2654 pertineat,

149 2685 187 2754 in
221 2681 351 2775 quibus
378 2681 511 2750 crimen
547 2679 687 2771 perjurii
717 2680 946 2760 convincitur,
977 2686 1019 2749 ut
1052 2678 1201 2748 infames

150 2800 232 2881 sint,
250 2820 317 2867 uec
339 2798 383 2867 ad
402 2795 645 2866 testimoninm
664 2794 855 2864 dicendum
872 2793 1115 2874 admittantur,
1134 2817 1200 2867 nec

150 2935 307 3005 unquam
325 2921 405 3005 post
422 2920 564 3003 tempus
587 2909 732 3003 perjurii
753 2910 995 3001 juramentum
1016 2908 1085 2979 illis
1103 2911 1202 2982 defe-

151 3038 257 3111 ratur,
277 3027 342 3097 nisi
361 3028 453 3097 forte
472 3027 586 3096 oneris
604 3026 849 3117 juramentum
875 3024 930 3106 ait,
948 3026 987 3094 in
1010 3047 1080 3115 quo
1101 3047 1200 3095 suam

150 3146 216 3238 ipsi
235 3164 377 3214 causam
397 3142 609 3212 deteriorem
628 3140 769 3210 faciant.
818 3138 982 3232 Denique
1000 3140 1202 3232 quicunque

151 3260 305 3354 perjurio
329 3257 431 3328 alteri
464 3259 632 3328 damnum
667 3255 813 3336 dederit,
845 3265 992 3350 cogatur
1018 3254 1069 3325 illi
1097 3257 1202 3350 piene

153 3398 215 3468 pro
233 3375 362 3444 damno
379 3374 590 3444 satisfacere.

258 3593 337 3676 Gap.
351 3594 380 3654 8.
405 3592 454 3654 De
469 3591 610 3676 hoitimis
616 3592 802 3674 juramentis
817 3614 875 3656 aaa
889 3592 1099 3658 detrectandis.

204 3728 286 3801 Nec
314 3741 434 3800 tamen
465 3729 506 3799 iis
530 3730 672 3821 perjurii
701 3732 813 3823 poenis
842 3732 1001 3802 homines
1034 3734 1079 3804 ab
1108 3735 1203 3804 omni

152 3869 282 3941 genere
311 3846 595 3937 juramentorum
626 3845 814 3916 abalienari
849 3846 1021 3918 volumus.
1076 3850 1203 3941 Itaque

153 3965 181 4034 si
212 3965 291 4056 quis
319 3960 557 4032 authoritate³
584 3960 744 4056 legitima
767 3965 900 4055 jurare,
923 3963 978 4033 vel
1000 3966 1204 4057 juramento

154 4079 362 4170 interposito
385 4077 596 4169 respondere
615 4078 734 4169 jussus
760 4079 816 4161 sit,
828 4080 943 4172 judici
966 4080 1032 4150 hoc
1055 4083 1121 4151 rite
1143 4105 1205 4174 po·

155 4195 301 4266 stuinnti
327 4217 397 4263 non
419 4194 585 4286 negabit;
612 4203 649 4263 et
670 4194 697 4262 si
723 4194 815 4264 forte
840 4217 969 4289 negare
988 4195 1150 4279 voluerit,
1168 4198 1204 4268 in

241 4329 249 4368 ¹
265 4335 453 4392 incursurum.
550 4342 563 4379 ²
577 4334 789 4409 subjecerimus.
886 4336 1122 4395 ³anthoritatem.
