2692 4800
467 317 706 377 runonunoua
732 318 892 369 orrrcns.
1132 304 1199 370 lll

237 564 318 651 Cap.
334 583 385 631 22.
412 567 463 630 De
475 566 564 630 rohas
579 567 743 653 iurgando
757 567 924 654 eparopali
936 568 1114 633 tractandis.

200 703 241 776 Si
267 726 340 798 qua
366 707 545 799 corruptio
569 729 658 778 verra
682 708 854 779 doctrinae
881 708 1087 800 obrepserit,
1106 733 1203 780 coar·

149 830 292 914 guntur.
354 819 398 890 In
425 820 616 914 Scripturis
646 847 724 914 quae
754 846 835 894 cunr
866 823 1061 893 animarum
1093 825 1203 897 offen·

152 939 250 1008 sione
284 960 466 1031 perperam
497 950 733 1032 exponuntur,
754 941 862 1032 juxta
886 940 966 1010 fidei
994 941 1202 1012 orthodoxae

154 1056 439 1127 convenientiam
470 1055 719 1148 explicentur;
762 1067 800 1127 et
831 1079 907 1148 quac
942 1058 1097 1128 fortassis
1130 1081 1201 1128 nou

155 1169 338 1241 intellecta
367 1172 600 1241 conscientias
633 1173 852 1264 perturbant,
882 1170 1036 1242 fideliter
1065 1175 1203 1244 excuti·

85 1332 89 1337 -
155 1298 259 1358 antur
285 1295 324 1358 et
352 1286 585 1357 declarentur.
638 1287 856 1358 Ceremouiae
882 1287 999 1379 impia
1021 1298 1058 1358 et
1082 1312 1203 1382 super·

156 1404 309 1485 stitiosae,
321 1404 351 1473 si
368 1425 445 1495 quae
461 1401 597 1495 illapsae
614 1404 695 1485 sint,
707 1403 921 1473 auferantur.
946 1402 1203 1477 Ecclesiastico

155 1518 309 1613 querelae
332 1529 440 1611 atque
466 1520 715 1591 controversiae
740 1520 941 1603 audiantur,
966 1530 1003 1590 ct
1028 1532 1201 1612 quantum

155 1645 297 1729 tempus
318 1631 437 1718 feratl,
454 1634 679 1706 deliniantur.
732 1635 779 1706 Et
802 1635 1000 1728 inquiratur
1020 1661 1126 1729 quam
1148 1639 1202 1708 di-

153 1751 387 1848 ligentissime
413 1752 569 1822 auritus
599 1752 759 1822 omnium
789 1774 967 1822 sacrorum
997 1753 1202 1838 officiorum,

143 1870 256 1960 juxta
281 1868 431 1938 formam
454 1891 476 1938 a
497 1868 625 1939 uostris
651 1867 788 1961 legibus
813 1871 1066 1962 praescriptam,
1084 1873 1120 1941 iu
1146 1894 1204 1942 cc·

150 1986 271 2057 clesiis
300 1985 541 2055 instituantur.
598 1980 648 2054 Et
678 1984 713 2052 in
744 2006 882 2054 summa
911 2008 1129 2077 quaecunque
1158 1985 1202 2057 ad

147 2100 349 2172 utilitatem
374 2099 494 2192 populi
515 2097 582 2167 Dei
609 2100 681 2169 visa
702 2098 834 2169 fuerint
856 2100 1044 2190 pertinere,
1065 2100 1204 2194 integra

149 2218 225 2289 lide
243 2239 286 2286 ao
306 2214 474 2308 singulari
498 2213 684 2308 diligentia
705 2222 911 2284 tractentur.
965 2215 1022 2286 Ibi
1044 2217 1088 2287 de
1111 2241 1204 2310 qua·

148 2334 329 2407 stiouibus
377 2353 493 2400 rerum
541 2339 842 2401 controversarum
895 2333 1205 2427 interrogabuntur

152 2447 284 2542 singuli
311 2446 517 2540 presbytcri.
570 2445 766 2538 Episcopus
795 2470 877 2516 vero
901 2448 1098 2518 doctiorum
1127 2471 1205 2521 sen-

155 2567 288 2636 tentias
328 2564 505 2656 patienter
542 2560 698 2656 colliget,
734 2585 850 2654 noque
884 2563 1052 2647 dicentes,
1088 2567 1204 2657 quoad

155 2684 265 2755 finem
288 2681 447 2760 feceriut,
465 2679 510 2750 ab
535 2677 606 2749 ullo
630 2679 859 2749 assidentium
880 2681 972 2750 sinat
994 2688 1130 2753 temere
1153 2684 1206 2753 iu-

156 2798 375 2872 terturbari:
416 2818 497 2866 nam
533 2798 589 2887 (ut
623 2795 738 2886 inquit
772 2795 968 2891 apostolus)
1001 2796 1100 2868 Deus
1133 2821 1204 2868 non

157 2927 212 2988 est
236 2913 451 2987 confusionis
469 2911 577 2994 Deus,
596 2911 658 2982 sed
682 2911 786 3003 pacis.

401 3108 479 3193 Gap.
490 3126 541 3193 23.
564 3107 613 3172 Dc
627 3107 739 3192 synodo
753 3105 968 3171 malatesta.

209 3247 296 3319 Non
322 3249 507 3341 permittat
532 3246 781 3339 episcopnsad
805 3244 1035 3316 multosdies
1061 3247 1205 3338 perferri

158 3367 341 3460 synodum,
364 3366 427 3436 sed
455 3363 516 3446 illi,
538 3386 642 3456 quam
669 3363 823 3455 primum
851 3362 927 3432 fieri
954 3363 1074 3454 possit,
1097 3362 1206 3433 finem

159 3484 345 3576 imponat;
387 3482 470 3574 quia
503 3503 619 3572 neque
653 3479 851 3572 pastoribus
891 3499 1007 3570 neque
1040 3477 1207 3573 gregibus

159 3599 327 3670 conducit
354 3608 394 3668 ut
419 3620 441 3668 a
466 3621 503 3668 se
530 3596 590 3666 diu
616 3597 783 3688 utrinque
810 3596 1063 3688 disjungantur.
1120 3594 1208 3665 Sen-

160 3718 309 3789 tentiam
334 3716 454 3807 itaque
478 3714 568 3785 feret
591 3714 636 3783 de
660 3712 783 3783 litibus
807 3721 843 3782 et
865 3711 1027 3804 querelis,
1045 3733 1122 3802 quae
1145 3709 1207 3781 illo

160 3831 257 3902 brevi
285 3830 398 3924 spatio
426 3829 595 3922 temporis
619 3829 755 3899 deliniri
781 3835 972 3922 poterunt:
1008 3826 1104 3907 alias,
1127 3850 1208 3919 quae

160 3948 362 4042 cognitione
392 3945 539 4038 longiori
569 3968 656 4038 opus
686 3944 831 4026 habent,
859 3951 920 4014 aut
948 3940 1017 4012 alio
1048 3951 1208 4035 tempore

160 4065 204 4135 ad
230 4086 331 4135 suum
361 4061 514 4132 tribuual
534 4061 721 4154 judicabit,
746 4071 808 4131 aut
833 4083 898 4154 per
923 4059 1208 4130 archidiaconum

161 4203 242 4251 cum
261 4178 462 4272 Septembri
484 4200 606 4249 mense
629 4178 673 4247 ad
692 4177 904 4248 visitandum
929 4174 1105 4245 dioecesim
1130 4197 1209 4268 pro·

630 4331 636 4369 ¹
653 4327 733 4385 feret.
