2692 4800
347 938 586 1022 TABULA
616 937 988 1022 TITULORUM.

524 1208 820 1221 *a*

237 1409 291 1466 Dll
309 1409 453 1467 SUMMA
469 1409 676 1465 TRlNlTA'l'll
694 1409 742 1464 ΕΤ
760 1409 850 1465 FlDll
869 1408 1100 1465 caunoulca.
1294 1457 1296 1460 ,

144 1504 200 1557 ⁰*
1146 1505 1197 1555 Pu.

170 1594 198 1633 1.
219 1575 265 1633 De
278 1575 335 1633 fide
350 1574 514 1633 Christiana
527 1575 562 1633 ab
577 1575 708 1632 omnibus
722 1575 920 1650 amplectenda
934 1583 963 1633 et
976 1574 1137 1651 profitenda
1181 1595 1192 1632 1

167 1691 198 1730 α.
218 1673 267 1731 De
280 1680 383 1730 natura
396 1672 459 1739 Dei,
474 1681 504 1731 et
525 1673 608 1730 beata
620 1672 769 1742 Trinitate‚
784 1672 852 1748 quid
871 1672 908 1730 sit
922 1673 1126 1732 credendum..
1158 1673 1196 1731 ih.

165 1787 199 1843 3.
221 1771 267 1829 De
280 1770 396 1829 Christo
409 1778 439 1828 et
452 1771 595 1847 mysteriis
610 1779 715 1828 nostrae
730 1771 933 1846 redemptionis
937 1814 1127 1831 ..........
1180 1789 1197 1828 2

167 1886 198 1942 4.
219 1868 267 1926 De
281 1868 390 1926 duabus
404 1867 512 1926 Christi
525 1868 634 1925 naturis
648 1876 714 1943 post
726 1868 964 1927 resurrectionem
976 1914 1002 1927 ..
1018 1913 1084 1927 ....
1100 1913 1126 1927 ..
1157 1869 1197 1927 ib.

166 1983 197 2043 5.
218 1965 367 2023 Detrahus
379 1963 522 2041 Symbolis
528 2008 1125 2028 ..............................
1179 1966 1196 2022 3

167 2063 200 2122 6.
222 2063 295 2133 Quae
309 2061 366 2120 sint
379 2063 522 2120 canoniea
536 2061 699 2138 Scripturas,
716 2062 809 2138 quoad
822 2071 904 2121 vetus
917 2063 1136 2121 Testamentum
1157 2063 1197 2122 ib.

168 2175 197 2235 7.
217 2159 299 2217 Inhri
312 2160 394 2228 sueri,
408 2180 466 2217 non
480 2169 576 2218 tamen
590 2159 719 2217 canonici
730 2205 1126 2220 ....................
1179 2176 1200 2232 4

168 2257 199 2316 8.
222 2257 270 2315 De
283 2256 363 2314 libris
377 2257 520 2314 onnoniois
534 2257 601 2314 novi
614 2256 790 2314 Testamenti
815 2301 1127 2318 ................
1159 2258 1198 2316 ib.

168 2375 200 2436 9.
223 2354 329 2414 Omnia
342 2354 484 2413 credenda
496 2374 533 2412 ex
546 2352 691 2412 canonicis
705 2354 803 2411 haberi
818 2352 972 2429 Scripturis
977 2398 1127 2413 ........
1178 2367 1196 2433 5

150 2471 199 2511 10.
222 2452 362 2529 Suprema
375 2461 419 2511 est
432 2453 461 2510 iu
475 2453 593 2511 ecclesia
607 2452 760 2527 Scripturas
776 2452 877 2509 divina
891 2452 1088 2511 authoritas..
1102 2497 1129 2512 ..
1160 2453 1199 2511 ib.

153 2569 200 2611 11.
222 2551 351 2609 Ecclesia
371 2559 470 2610 motta
491 2550 651 2625 Scripturas
671 2549 712 2606 nil
732 2557 828 2624 potest
846 2549 1028 2615 eonstituere,
1043 2549 1139 2625 nilque

252 2656 355 2725 preter
368 2650 482 2707 easdem
495 2648 647 2706 obtrudere
662 2647 747 2705 debet
760 2647 920 2705 necessario
935 2647 1117 2706 credendum.
1131 2692 1137 2706 .
1159 2649 1199 2706 ib.

151 2765 200 2805 η.
222 2748 271 2804 Ad
285 2747 396 2805 codices
407 2746 564 2805 Hebraieos
578 2746 608 2803 in
621 2745 710 2803 veteri
724 2745 910 2803 Testamento
925 2746 1137 2813 recurrendum,

252 2864 286 2902 ao
299 2847 328 2902 in
341 2865 417 2902 novo
431 2845 467 2902 ad
482 2845 599 2902 Graecos
609 2886 1129 2904 ...........................
1161 2844 1199 2902 ih.

153 2961 163 3000 r
169 2961 199 3018 3.
221 2941 359 3019 Symbola
372 2944 437 3001 fidei
450 2944 529 3001 utilia
542 2951 610 3000 sunt
623 2942 659 2999 ad
669 2943 911 3017 interpretandam
920 2941 1126 3017 Scriptorum..
1179 2943 1199 3000 6

151 3058 198 3112 ¹4
221 3040 266 3098 De
279 3041 405 3098 conciliis
418 3041 485 3116 qnid
499 3040 677 3098 sentiendum
691 3083 1125 3100 ......................
1157 3040 1197 3099 ib.

151 3150 199 3213 15.
221 3137 294 3206 Quae
308 3146 470 3195 sanctorum
484 3145 597 3213 patrum
610 3138 769 3195 authoritas
772 3178 1128 3198 ..................
1183 3155 1200 3214 7

150 3235 201 3293 16.
224 3234 362 3311 Epilogus
367 3279 1129 3296 ......................................
1160 3236 1199 3295 ib.

152 3347 200 3409 17.
223 3332 347 3391 Pereunt
366 3333 414 3409 qui
431 3334 578 3392 catholicae
594 3333 661 3391 fidei
679 3333 875 3400 adversantur,
894 3333 992 3391 veleb
1013 3353 1048 3392 ea
1068 3334 1137 3392 deli·

254 3431 332 3489 ciunt
370 3475 1132 3492 ......................................
1162 3433 1200 3490 ib.

524 3668 576 3725 DE
595 3667 835 3724 HAERESIBUS.

174 3823 203 3862 1.
226 3803 283 3873 Qui
295 3802 354 3861 sint
365 3802 501 3870 haeretici,
516 3811 545 3861 et
559 3804 607 3879 qui
621 3823 678 3860 non
692 3803 750 3860 sint
774 3844 1127 3861 ..................
1181 3801 1198 3858 8

173 3920 203 3958 2.
226 3900 406 3960 Schismatioi
420 3909 450 3959 et
463 3900 589 3959 haeretiei
603 3900 746 3976 quomodo
761 3898 894 3956 differant
898 3941 1129 3958 ............
1159 3898 1199 3957 ih.

174 4017 201 4073 3.
222 3997 270 4056 De
283 3997 317 4056 iis
330 3999 379 4073 qui
393 4016 536 4056 maurum
551 3996 763 4073 Scripturarum
777 3995 979 4053 authoritatem
992 3993 1136 4069 rejiciunt.
1160 3995 1199 4054 ib.

173 4115 203 4168 4.
225 4095 272 4155 De
291 4096 327 4154 iis
345 4097 393 4172 qui
411 4104 494 4154 vetus
511 4095 726 4154 Testamentum
746 4101 797 4150 aut
815 4100 908 4150 totum
926 4091 1068 4168 rejiciunt,
1090 4100 1139 4149 aut

254 4202 347 4252 totum
361 4194 481 4271 exigunt
489 4233 924 4254 ......................
934 4180 937 4187 ¹
939 4231 1129 4248 ..........
1180 4207 1200 4264 9

175 4307 203 4367 5.
225 4292 268 4350 De
282 4292 392 4351 duabus
405 4292 514 4349 naturis
528 4290 637 4349 Christi
655 4328 1129 4349 ........................
1164 4302 1200 4342 10
1273 4302 1276 4309 ·

671 4405 688 4446 c
