2692 4800
561 308 611 360 nu
634 308 903 361 nmamoumus.
1182 293 1254 367 279

254 560 331 647 Gap.
343 580 393 647 23.
416 557 533 625 Admau
547 558 720 647 republica
734 581 827 625 cause
841 582 862 624 a
868 559 991 644 jodicio
1005 558 1205 625 accumbitur.

257 696 400 770 Absens
425 696 625 791 reipublice
655 720 760 769 causa
786 699 957 791 tantisper
982 721 1003 769 a
1032 698 1192 783 terminis
1218 699 1254 768 in

201 814 338 908 judicio
363 813 429 886 sibi
464 813 614 907 praeiixis
640 823 839 897 excusatur,
866 815 1036 907 quamdiu
1062 836 1167 886 causa
1193 813 1255 884 ab·

207 932 328 1003 sentiae
351 931 466 1003 durat.

394 1137 471 1223 Gap.
484 1156 535 1219 24.
559 1137 610 1202 Do
624 1147 732 1202 remoto
743 1136 781 1202 ab
796 1137 1068 1202 administratione.

256 1282 315 1355 De
339 1280 608 1377 dilapidatione¹
636 1293 828 1377 suspectus,
847 1291 884 1354 et
910 1284 956 1354 ob
977 1285 1014 1354 id
1036 1284 1081 1354 ab
1106 1284 1255 1355 admini-

205 1400 376 1473 stratione
405 1410 574 1485 remotus,
605 1401 765 1492 quamvis
794 1401 952 1471 nondum
983 1403 1029 1472 sit
1058 1402 1254 1482 restitutus,

205 1518 243 1587 in
257 1517 394 1610 judicio
417 1518 629 1611 respondere
649 1518 798 1611 cogitur,
816 1540 930 1609 neque
952 1518 1171 1602 restituetur,
1188 1518 1254 1589 nisi

205 1656 312 1706 causa
328 1635 470 1729 cognitu
485 1633 696 1705 absolvatur.

265 1840 343 1928 Oop.
356 1860 406 1925 25.
431 1840 560 1922 enom
574 1839 654 1904 idom
669 1840 813 1906 uncinus
828 1840 940 1906 duodus
953 1841 1032 1906 uotis
1040 1839 1204 1928 mcccv-ibi

674 1953 779 2029 potest.

255 2089 397 2163 Licebit
426 2092 581 2162 eundem
611 2090 802 2161 terminum
833 2090 971 2161 duobus
1000 2090 1139 2163 actibus
1169 2114 1255 2186 prae·

204 2208 323 2302 figere,
354 2209 493 2302 quando
525 2207 629 2277 simul
664 2214 701 2277 et
731 2207 767 2278 in
804 2206 896 2277 idem
933 2217 1074 2301 tempus
1107 2217 1255 2302 possunt

205 2350 422 2409 concurrere,
444 2337 486 2397 ut
516 2328 560 2397 ad
590 2327 856 2419 producendum
888 2335 997 2397 testes
1026 2326 1254 2419 probatorios

208 2442 307 2514 etad
329 2442 591 2535 producendum
611 2441 877 2535 reprobaton'os.
922 2440 1024 2512 Nihil
1046 2442 1140 2513 enim
1159 2451 1257 2514 vetut

202 2559 361 2650 judicem
387 2566 498 2629 testes
523 2558 713 2628 admittere
738 2557 853 2640 simul,
874 2581 978 2651 super
1004 2559 1197 2653 principali,
1218 2568 1256 2631 et
1327 2632 1336 2643 ,

208 2674 474 2769 reprobetonos.
536 2674 590 2745 At
616 2676 645 2747 si
674 2685 775 2747 ectus
803 2676 927 2747 ordine
954 2679 1150 2749 successivo
1184 2679 1255 2749 siut

207 2790 418 2885 explicandi,
449 2792 602 2862 eundem
637 2793 829 2862 terminum
864 2815 1090 2863 communem
1125 2793 1255 2865 habere

206 2928 276 2976 uon
306 2915 486 2999 poterunt.
542 2906 663 2977 Judici
694 2906 779 2978 licet
808 2906 1015 2977 dilationem
1046 2907 1171 2991 dando,
1197 2907 1253 2979 vel

205 3020 321 3092 adhuc
347 3022 539 3114 pendente,
565 3047 642 3117 quse
670 3023 746 3116 jam
782 3024 865 3094 data
898 3033 963 3105 est,
989 3025 1181 3094 terminum
1209 3025 1254 3095 ad

206 3136 316 3207 alium
342 3146 461 3208 actum
490 3139 686 3209 successive
711 3138 961 3232 explicandum
986 3146 1153 3221 statuere,
1179 3149 1254 3210 tom

207 3253 322 3323 eidem
344 3276 449 3344 quam
471 3252 574 3325 alteni
596 3256 710 3347 parti;
737 3258 905 3346 quoniam
929 3257 979 3326 sic
1003 3254 1163 3326 dilationi
1177 3256 1253 3348 jam
1273 3281 1331 3350 ¹32

207 3392 379 3441 conceseae
402 3369 540 3440 nullum
568 3371 608 3441 fit
629 3372 890 3464 praejudicium:
916 3380 958 3441 ut
980 3373 1009 3442 si
1033 3372 1158 3441 decem
1180 3373 1255 3443 dies

206 3485 250 3555 ad
280 3484 517 3557 instrumente
545 3487 780 3579 producenda,
811 3496 850 3570 ct
880 3486 1035 3579 quinque
1070 3487 1114 3555 ad
1145 3494 1255 3557 testes

205 3602 449 3696 assignentur3
485 3625 555 3672 non
583 3602 677 3672 enim
704 3603 729 3672 ii
759 3626 797 3673 se
825 3612 951 3673 mutuo
978 3611 1079 3672 actus
1106 3601 1254 3694 impedi·

205 3727 281 3788 unt.
333 3716 387 3789 At
413 3720 441 3790 si
468 3742 559 3789 unus
583 3728 684 3790 ectus
709 3719 841 3811 pendet
866 3719 912 3789 ab
937 3717 1060 3801 altero,
1078 3719 1113 3788 id
1139 3717 1254 3788 facere

205 3857 276 3906 non
306 3835 484 3906 convenit.
538 3833 638 3905 Male
668 3836 799 3928 quippe
828 3835 997 3905 darentur
1025 3834 1149 3904 decem
1180 3833 1254 3903 dies

205 3951 250 4021 ud
278 3951 469 4044 positiones
503 3951 754 4044 producendas,
786 3962 823 4022 et
857 3952 981 4022 decem
1012 3950 1056 4020 ad
1086 3951 1253 4020 intentio-

205 4088 286 4136 nem
305 4066 545 4159 probandam3
572 4067 653 4158 quia
674 4069 866 4159 positiones
889 4067 1034 4138 fortasse
1057 4075 1129 4136 tam
1148 4075 1252 4134 erunt

601 4338 608 4376 ¹
625 4331 667 4388 De
682 4331 861 4407 lapidatione.
1226 4326 1330 4512 l
