2692 4800
584 321 634 373 DE
658 322 755 373 nnn.

362 580 440 668 Gap.
458 601 467 645 ι
474 601 506 667 3.
528 583 579 647 Do
593 581 802 647 instrumento
815 583 966 669 ruspoctir.

195 710 488 795 Instrumentum,
506 712 536 783 si
556 712 592 782 in
611 711 689 783 looo
710 715 827 783 minus
848 723 1011 807 suspecto
1032 716 1078 785 sit
1094 715 1195 787 abra·

146 850 233 911 snm,
251 850 315 921 per
336 827 403 899 hoo
426 851 496 899 non
521 838 685 899 censetur
706 829 884 914 vitiosum,
902 853 968 901 neo
991 831 1123 902 corruit
1147 855 1193 902 ex

145 943 301 1016 fractura
320 943 436 1039 sigilli.
490 942 528 1014 Si
552 943 631 1015 loco
653 953 817 1039 suspecto
839 944 1113 1017 instrumentum
1136 946 1194 1018 rel

144 1082 300 1133 rasuram
329 1060 384 1132 vel
411 1060 553 1132 lituram
579 1061 719 1144 lrabeat,
746 1071 808 1133 ant
832 1061 928 1133 aliud
959 1063 1102 1157 aliquod
1132 1087 1195 1135 no·

146 1177 255 1251 tabile
272 1179 410 1261 vitium,
428 1187 632 1272 corruptum
655 1178 799 1270 quidem
817 1186 881 1260 est,
900 1188 937 1249 et
953 1179 1194 1273 improbatum

145 1317 267 1367 rerum
292 1294 421 1364 nonin
445 1294 658 1376 universum,
676 1294 738 1364 sed
764 1293 986 1365 solummodo
1012 1296 1127 1388 quoad
1153 1295 1196 1365 il-

146 1410 208 1481 lud
231 1418 350 1503 eaput,
368 1409 429 1480 nbi
453 1409 579 1479 vitium
606 1420 660 1481 est
684 1410 952 1503 deprehensum.
1005 1410 1086 1495 Quo
1112 1435 1195 1483 vero

146 1527 189 1597 sd
219 1525 289 1596 alia
319 1525 437 1619 capita
470 1522 605 1618 potest¹
636 1525 744 1596 fidem
772 1524 907 1596 iacere:
943 1548 1043 1598 secus
1075 1535 1195 1598 tamen

145 1644 343 1724 statuimus,
367 1664 447 1713 oum
474 1639 593 1732 aliqua
617 1662 680 1711 sua
704 1648 804 1734 parte
831 1642 1105 1712 instrumentum
1131 1641 1196 1713 ial-

146 1782 224 1831 sum
255 1761 499 1842 convincitur3
534 1758 699 1851 quoniam
730 1766 817 1827 tuna
847 1767 963 1828 totum
993 1768 1195 1852 suspectum

147 1876 314 1959 redditur,
340 1885 379 1945 et
407 1882 448 1943 nt
479 1872 607 1944 falsum
635 1872 821 1966 improbari
853 1880 983 1965 potest.
1041 1872 1079 1944 Si
1105 1875 1197 1947 soul-

147 2002 252 2085 ptnra
274 1990 381 2086 sigilli
402 1991 478 2083 ejus
501 1989 666 2082 dignitati
685 1987 742 2058 rel
765 1987 889 2068 officio,
908 1988 968 2079 qui
992 1987 1197 2081 imposuisse

147 2108 286 2191 dieitur,
326 2108 444 2177 minus
485 2105 681 2185 conveniat,
717 2106 993 2175 instrumentum
1036 2104 1198 2175 redditur

146 2229 360 2315 suspectum.
423 2218 514 2290 Cum
549 2219 707 2291 chartam
742 2222 914 2313 scriptura
947 2220 1062 2290 multo
1096 2227 1197 2289 vetu-

145 2340 301 2421 stiorem,
324 2336 381 2408 rel
407 2336 726 2409 dissimilitudinem
752 2337 892 2407 iucem
918 2337 1048 2420 videas,
1069 2337 1198 2407 instru-

145 2464 308 2526 mentum
336 2477 407 2525 non
432 2454 610 2525 immerito
640 2463 842 2548 suspectum
869 2454 1009 2526 habeas.
1062 2452 1197 2524 Instru-

145 2573 257 2645 menti
286 2572 384 2653 fides,
410 2572 446 2641 in
473 2595 544 2665 qno
574 2596 644 2642 una
674 2570 776 2643 litera
808 2571 863 2643 vel
890 2571 1024 2665 syllaba
1053 2570 1197 2641 alterius

144 2688 224 2761 loeo
248 2689 447 2782 apponitur,
467 2687 521 2758 vel
547 2689 659 2770 deest,
676 2689 703 2758 si
729 2688 774 2758 de
798 2711 900 2759 sensu
919 2688 1054 2780 liquere
1077 2688 1197 2781 possit,

145 2830 209 2900 per
230 2806 299 2878 hoc
325 2828 394 2876 non
422 2804 575 2876 vacillat.
629 2804 779 2898 Propter
805 2804 932 2875 falsum
955 2802 1125 2875 Latinum
1151 2826 1197 2874 ex

144 2924 251 2994 unius
281 2922 391 2994 literae
423 2920 478 2993 vel
510 2921 653 3015 syllabae
683 2922 902 3015 appositione
933 2920 1011 2992 loco
1042 2920 1196 3003 alterius,

144 3048 208 3109 aut
231 3037 413 3110 literarum
433 3039 714 3132 transpositione,
734 3037 789 3107 vel
814 3037 988 3109 similibus
1012 3037 1196 3117 resultans,

144 3156 420 3227 instrumentum
440 3178 603 3226 corruere
621 3154 797 3225 nolumus.

366 3452 371 3459 .
392 3363 471 3447 Gap.
485 3383 533 3444 14.
557 3360 756 3427 Instrumoatt‘
769 3359 959 3446 improbatio.
1216 3376 1275 3424 rra

198 3504 237 3575 Si
260 3502 403 3597 aliquod
426 3505 703 3574 instrumentum
727 3504 826 3595 quasi
850 3501 977 3572 falsum
1001 3502 1199 3596 improbare

146 3621 183 3690 in
206 3620 342 3713 judicio
368 3621 446 3712 quis
472 3620 637 3703 voluerit,
662 3620 816 3713 primum
836 3620 1041 3713 juramento
1071 3642 1109 3690 se
1139 3620 1200 3690 ob-

145 3736 308 3831 stringat,
335 3760 406 3830 quo
432 3759 469 3808 se
497 3735 547 3806 nil
576 3735 815 3806 calumniandi
846 3757 951 3806 causa
975 3758 1051 3807 esse
1084 3737 1200 3806 diotu-

144 3850 245 3923 rum²
262 3862 434 3937 testetur;
460 3853 590 3947 alioqui
609 3876 679 3924 nou
697 3852 870 3924 audiatur.

199 3966 257 4038 Ad
285 3968 426 4061 aliquod
453 3969 729 4039 instrumentum
755 3967 1022 4063 improbandum
1049 3976 1202 4059 quatuor

144 4085 382 4178 autquinque
407 4095 516 4157 testes
539 4086 585 4155 sd
602 4087 789 4156 minimum
808 4081 1029 4179 exigunturt,
1047 4084 1104 4176 qui
1130 4084 1200 4155 sint

145 4200 307 4295 probatae
324 4203 418 4287 fidei,
437 4213 473 4274 et
484 4204 600 4296 judici
620 4206 765 4273 omuino
784 4201 970 4273 videantur
986 4200 1115 4271 idonei.

273 4333 282 4373 ¹
297 4352 374 4417 post.
539 4336 551 4376 ²
565 4343 724 4401 ducturum.
890 4335 903 4373 ³
917 4342 1078 4418 exigantur.
