2692 4800
144 257 194 331 64
515 279 565 330 uu
586 274 835 329 nummarium
1191 276 1220 327 c
1232 278 1266 352 ις

145 430 306 526 possunt¹
319 433 477 503 inunum
490 433 692 503 ministrum
705 429 1054 524 confluere,poatlrau
1063 428 1195 503 nemini

146 548 308 619 volumus
333 547 520 643 indulgeri.
571 548 746 620 Attamen
770 547 825 618 hia
848 547 911 640 qui
934 546 1112 619 hactenus
1134 548 1197 619 im·

9 698 15 707 ·
144 674 330 759 petraruut
344 673 386 737 ut
400 665 501 758 plura
517 666 583 737 sibi
597 661 909 759 permitterentur²
920 664 1198 737 administranda

144 783 353 866 sacerdotia,
371 790 526 854 nostram
544 783 636 853 hanc
653 781 769 876 legem
786 781 900 853 fraudi
921 803 1002 853 esse
1022 780 1196 867 nolumus,

144 920 216 989 quo
233 899 350 969 minus
367 898 548 991 acquisitis
565 897 760 993 privilegiis
777 896 889 968 libere
907 897 1083 969 fruantur.

303 1094 379 1178 Cap.
396 1113 447 1176 14.
470 1093 625 1158 Abaantioe
639 1114 708 1179 qaae
715 1091 837 1180 possint
849 1112 909 1158 aare
922 1113 1038 1157 cotooe.

196 1202 408 1297 Quicunque
433 1204 489 1275 vel
511 1207 611 1275 anuis
634 1205 742 1276 tuerit
765 1205 890 1298 gravis,
909 1203 966 1275 vel
991 1204 1198 1277 morborum

146 1321 346 1392 incursione
362 1321 518 1391 multum
535 1330 760 1402 extenuatus,
778 1329 820 1392 ut
842 1343 907 1392 suo
931 1343 1081 1392 munere
1098 1321 1198 1419 fungi

145 1460 217 1506 non
241 1435 365 1519 valeat,
384 1436 439 1506 vel
462 1437 491 1506 si
515 1458 762 1529 quameunque
778 1437 915 1529 justam
938 1434 1048 1507 aliam
1064 1436 1199 1511 habeat

145 1555 366 1646 temporariae
389 1554 573 1645 cujusdam
593 1553 761 1624 absentiae
784 1574 927 1625 causam
947 1554 1117 1649 episcopo
1140 1579 1201 1649 ap-

146 1664 384 1762 probandam-³,
396 1677 654 1761 propterquam
668 1668 769 1740 illum
780 1669 987 1762 aliquandiu
999 1673 1201 1744 sacerdotio

146 1808 289 1857 neceme
307 1787 353 1856 sit
369 1785 501 1869 abesse,
516 1796 637 1857 tamen
650 1786 718 1856 hoo
735 1787 878 1857 iuterim
895 1782 967 1857 illi⁴
984 1789 1204 1882 prospicien-

146 1902 257 1975 dum⁵
274 1903 352 1986 erit,
370 1914 411 1972 ut
432 1903 583 1995 probum
600 1914 638 1973 et
659 1901 873 1974 laudabilem
891 1902 1062 1974 vicarium
1079 1927 1148 1976 suo
1164 1908 1203 1977 in

147 2020 225 2090 loco
243 2018 403 2091 collocet.
452 2018 500 2088 Et
518 2019 709 2112 diligenter
725 2019 880 2112 episcopi
897 2019 1057 2113 vigilent,
1074 2043 1125 2093 ne
1141 2045 1205 2094 ou·

139 2137 342 2228 jusouuque
367 2135 417 2204 rei
443 2143 605 2227 respectu
632 2133 752 2204 dolose
777 2135 965 2226 quisquam
990 2145 1055 2207 aut
1079 2146 1205 2210 astute

147 2251 282 2321 diutius
297 2272 403 2342 quam
422 2250 611 2320 necessitas
632 2257 736 2343 urget
755 2272 778 2320 a
800 2250 997 2322 sacerdotio
1020 2274 1085 2323 suo
1109 2255 1207 2326 sina·

147 2375 208 2436 tur
223 2366 357 2437 abesse.

242 2530 319 2614 Gap.
339 2544 387 2615 15.
414 2529 481 2599 Quo
496 2529 680 2613 temperarit
693 2529 870 2594 amodum
884 2531 1101 2597 enodatione.

198 2643 375 2726 Quoniam
400 2641 468 2710 hoc
493 2664 515 2711 a
544 2641 644 2711 nobis
675 2643 771 2734 prius
802 2643 1039 2714 constitutum
1071 2654 1131 2718 est
1162 2657 1206 2719 ut

146 2759 385 2850 uuusquisque
409 2780 472 2828 suo
496 2758 532 2826 in
557 2758 753 2829 sacerdotio
777 2769 993 2851 permaneat,
1012 2762 1080 2832 nisi
1106 2770 1205 2834 tem-

147 2877 283 2970 poraria
311 2874 475 2966 quaedam
506 2873 688 2968 privilegia
718 2875 906 2946 nonnullos
936 2875 1130 2969 aliquando
1162 2880 1206 2950 li-

147 2987 373 3072 beraverintt,
387 2990 454 3060 hoc
473 2991 581 3059 etiam
599 2991 807 3082 adjunctum
824 2992 880 3074 sit,
894 2999 936 3061 ut
953 3014 1036 3063 cum
1054 3004 1207 3085 peracta

146 3110 349 3203 cognitione
375 3108 558 3198 quisquam
584 3130 648 3199 per
673 3108 837 3178 ordinarii
866 3108 986 3179 literas
1012 3108 1059 3179 ad
1084 3132 1206 3183 sacer-

147 3226 285 3296 dotium
305 3223 502 3306 adhibetur,
520 3224 670 3293 duorum
694 3224 870 3293 mensium
893 3224 1008 3316 spatio
1028 3225 1206 3298 continue

146 3338 436 3431 subsequentium
455 3339 492 3407 in
508 3340 743 3409 sacerdotium
763 3348 953 3424 commeet,
967 3340 1034 3411 nisi
1051 3342 1206 3414 morbus

147 3464 210 3527 aut
240 3453 432 3525 vehemens
461 3454 658 3537 necessitas,
690 3455 747 3524 cui
782 3456 977 3546 parendum
1007 3456 1064 3538 sit,
1095 3456 1206 3530 illum

147 3572 335 3652 distineat;
358 3568 451 3661 quod
470 3570 499 3638 si
517 3590 618 3639 secus
643 3569 777 3652 fecerit,
795 3579 833 3639 et
853 3571 1091 3640 sacerdotium
1113 3596 1207 3665 prae-

145 3711 226 3759 acua
242 3687 293 3758 illi
311 3685 450 3779 peribit,
470 3694 506 3755 et
524 3686 633 3756 etiam
658 3687 703 3757 ab
729 3687 806 3757 aliis
830 3686 994 3759 omuibus
1011 3686 1208 3763 submove-

147 3806 255 3877 bitur.
361 3898 437 3982 (lap.
451 3898 500 3961 16.
531 3896 674 3981 Officium
682 3896 977 3984 praebendariorum

197 4015 468 4086 Immunitatem
487 4011 664 4103 quandam
683 4012 841 4081 omnium
859 4034 1048 4085 munerum
1067 4015 1207 4092 babere

189 4167 330 4247 'possint
397 4162 632 4244 ’permittantun
696 4168 951 4244 ³opprobaudum,
1020 4164 1161 4235 ⁴i11iam.

309 4250 323 4288 ⁵
336 4249 569 4327 perspiciendum.
837 4245 850 4284 ⁶
864 4249 1042 4311 liberaverit„
