2692 4800
145 281 217 348 124
550 295 599 346 un
623 294 781 346 nuomrs.
1197 296 1238 372 cp

143 459 186 521 ut
203 450 326 522 multis
342 452 379 520 in
396 450 501 521 rebus
517 450 600 542 jure
620 449 714 522 cirili
738 452 977 523 constitutum
995 461 1063 537 ast,
1078 452 1187 546 aliqua

144 590 190 638 ex
207 576 307 660 parte
329 567 430 651 feret,
448 565 516 637 hoc
533 574 597 648 est,
615 588 697 636 cum
719 574 861 659 tempus
879 566 1036 663 legitimi
1054 569 1183 640 numeri

143 685 291 767 venerit,
308 706 381 753 uno
402 690 466 753 aut
486 681 624 754 duobus
646 682 817 775 exceptis,
834 705 880 754 ex
903 683 1053 778 reliquis
1076 695 1184 757 sumet

143 801 266 872 decem
302 800 422 871 vitulis
454 821 560 891 quem
595 797 757 871 voluerit.
821 798 874 870 Iit
916 801 1074 873 eandem
1114 800 1184 874 illos

144 919 316 988 rationem
337 915 436 1007 sequi
453 913 616 986 volumus
639 916 675 984 in
693 913 798 1008 pullis
813 917 951 1009 equinis
972 925 1013 989 et
1029 919 1184 989 consimi·

144 1034 253 1104 libna·
290 1033 348 1103 De
364 1033 464 1127 agnis
481 1055 575 1113 vero,
592 1033 723 1126 cygnis,
740 1041 777 1103 at
793 1032 871 1104 aliis
886 1033 1104 1106 animalibus
1118 1034 1185 1127 qui·

144 1150 350 1242 buscunque
373 1170 522 1241 quorum
540 1147 663 1218 similis
679 1156 735 1219 est
751 1149 951 1233 aestimatio,
970 1172 1037 1242 pro
1054 1149 1184 1246 singulo

144 1288 286 1358 quoque
304 1264 467 1335 denarius
492 1263 587 1333 ultro
613 1263 771 1356 citroque
798 1264 951 1350 dabitur,
968 1288 1055 1337 cum
1076 1267 1184 1360 pauci·

145 1403 207 1451 ora
227 1404 332 1473 quam
355 1381 480 1451 decem
504 1380 646 1451 fuerint.
708 1379 751 1450 In
773 1381 901 1452 ceteris
924 1390 1052 1452 autem
1079 1383 1185 1453 minu·

145 1498 293 1568 tioribus
335 1495 565 1576 animalculis,
600 1519 681 1589 quae
715 1506 789 1567 tam
828 1496 923 1569 exile
966 1506 1184 1571 momentum

145 1613 287 1696 habent,
307 1611 505 1684 utiliorum
523 1613 671 1683 decimae
688 1622 786 1685 certa
805 1615 941 1685 ratione
964 1637 1039 1685 non
1060 1617 1185 1708 pomint

146 1733 235 1815 iniri,
257 1730 511 1802 consuetudine
537 1731 694 1801 locorum
720 1731 803 1801 stari
831 1729 949 1801 debet.
1004 1730 1080 1816 Qui
1105 1730 1185 1810 talos

145 1848 343 1919 animantes
359 1846 575 1926 alienaverit,
587 1847 790 1939 priusquam
803 1846 848 1916 ab
861 1845 932 1916 illis
948 1847 1100 1918 decimae
1116 1871 1185 1942 per·

146 1960 375 2057 ciperentur¹,
394 1963 567 2034 decimam
588 1964 694 2055 pretii
715 1972 853 2056 partem
879 1964 1042 2035 ministro
1069 1988 1184 2037 conce-

145 2083 217 2152 dat.
268 2078 361 2150 Cum
377 2088 497 2149 autem
519 2102 694 2173 possessor
711 2078 767 2149 vel
784 2080 828 2150 ad
847 2102 948 2150 usum
967 2079 1031 2152 illa
1049 2080 1183 2154 familia

144 2222 216 2269 suae
233 2196 432 2290 peremerit,
446 2194 502 2265 vel
519 2196 675 2266 amiserit
692 2217 786 2278 casu,
803 2202 942 2266 tantum
962 2219 1027 2289 pro
1045 2198 1184 2269 decimis

146 2315 305 2385 minister
322 2314 421 2394 feret,
439 2320 610 2405 quantum
628 2310 695 2381 loci
713 2312 934 2383 consuetudo
950 2313 1154 2405 postulabit.

343 2527 420 2610 Gap.
435 2548 467 2608 4.
491 2525 612 2590 Dicirio
626 2525 814 2590 namnam
827 2525 930 2611 qualia
944 2524 994 2590 at.

197 2670 235 2741 Si
255 2669 346 2737 forte
364 2668 546 2760 contingat
563 2674 604 2734 ut
627 2666 721 2756 equi,
739 2666 856 2746 boves,
874 2673 912 2735 et
934 2663 1031 2735 illius
1053 2666 1186 2761 generis

146 2783 320 2866 animalia,
347 2807 428 2874 quae
456 2783 517 2874 jus
548 2783 764 2852 decimarum
796 2781 1033 2874 superioribus
1062 2783 1187 2854 nostris

146 2902 284 2996 legibus
310 2899 475 2982 efficiunt,
502 2900 546 2969 ab
572 2899 677 2968 unius
703 2899 863 2989 parueciae
891 2898 1029 2990 pascuis
1062 2899 1099 2968 in
1124 2897 1188 2969 alia

147 3019 347 3111 dimigrent,
371 3015 578 3108 aequabilem
605 3016 820 3085 decimarum
847 3015 1075 3107 partitionem
1099 3015 1188 3084 inter

145 3133 286 3204 illorum
313 3132 469 3204 locorum
495 3134 673 3202 ministros
699 3154 774 3202 esse
801 3131 973 3214 volumus,
999 3131 1037 3201 in
1064 3132 1189 3224 quibus

146 3251 311 3321 animalia
337 3273 375 3321 se
400 3250 530 3343 pabulo
557 3256 853 3330 sustentaverunt,
874 3248 964 3318 inita
988 3256 1187 3341 temporum

146 3367 183 3437 in
212 3368 394 3460 utriusque
423 3367 560 3459 pascuis
593 3374 880 3457 consumptorum
910 3366 1010 3456 justa
1042 3364 1188 3435 ratione.

148 3484 219 3555 Sed
240 3485 277 3553 in
295 3484 362 3554 hoc
379 3482 578 3575 partitionis
593 3482 674 3574 jure
698 3479 862 3551 nolumus
884 3503 929 3550 ex
952 3481 1079 3551 ovibus
1096 3483 1190 3574 quic·

147 3622 251 3691 quam
278 3622 341 3690 pro
367 3599 504 3668 decima
529 3597 624 3689 exigi
645 3618 666 3666 a
686 3606 834 3688 pastore,
852 3596 919 3665 nisi
945 3597 1094 3690 triginta
1119 3598 1191 3666 dies

147 3716 184 3784 in
208 3712 302 3784 illius
323 3713 488 3806 parochia
510 3714 715 3782 restiterint.
767 3712 872 3796 Quod
890 3712 919 3782 si
936 3711 1025 3783 fines
1041 3734 1085 3781 ac
1103 3712 1191 3782 limi-

148 3840 201 3901 tes
219 3830 473 3924 parochiarum,
492 3831 527 3898 in
546 3830 673 3921 quibus
691 3830 856 3900 oberrant
873 3827 1049 3911 animalia,
1067 3830 1191 3899 incerti

147 3957 240 4030 sunt,
258 3959 295 4017 et
312 3945 447 4038 liquere
468 3970 536 4016 non
560 3948 680 4038 possit,
699 3967 805 4038 quem
824 3946 868 4016 ad
886 3944 1004 4015 locum
1019 3945 1082 4036 jus
1099 3945 1192 4016 deci·

146 4086 282 4134 marum
311 4062 447 4131 infundi
475 4060 611 4144 debeat,
638 4070 700 4130 aut
727 4071 887 4152 tempore
913 4059 1193 4154 colligendarum

148 4182 362 4250 decimarum
381 4202 451 4248 non
469 4187 607 4248 constet
624 4176 726 4247 alteri
743 4178 915 4270 parochiae
925 4179 1025 4270 juste
1037 4179 1193 4249 satisfac·

148 4306 225 4366 tum
238 4295 352 4378 fuisse,
360 4297 396 4364 in
407 4315 477 4386 qua
487 4295 582 4386 prius
593 4293 835 4377 fuerint,illins
847 4293 913 4365 loci
927 4296 1088 4365 ministro
1100 4296 1194 4365 deci-

556 4445 563 4484 1
579 4435 778 4511 percipiantur.
