2692 4800
453 324 911 378 nunxcouuunrcanosn.
1120 310 1187 376 181

149 477 325 548 recordari
349 476 496 560 debetis,
518 487 556 547 et
580 488 694 548 vestra
719 479 849 549 delicta
874 502 955 549 cum
979 478 1083 571 hujus
1106 502 1192 572 prae-

148 593 257 662 sentis
273 593 326 663 rai
344 592 461 663 fratris
481 592 590 663 nostri
613 593 765 684 peccatis
787 594 1011 686 conjungere,
1029 604 1192 686 perpetu·

149 727 279 797 amque
302 707 480 798 quandam
506 716 544 776 at
567 706 718 777 similem
742 717 939 777 nostrarum
965 707 1190 778 affectionum

149 821 443 892 consuetudinem
473 844 549 892 esse
578 830 744 892 statuere.
796 821 868 893 Sed
895 832 933 892 st
957 824 1191 915 arrogantiam

150 944 361 1006 nostramet
382 937 525 1029 spiritus
548 938 696 1030 frangat,
715 948 753 1006 et
775 937 1031 1007 contumaciam
1055 938 1192 1007 minuat

150 1050 254 1143 hujus
279 1053 432 1145 abjectio
453 1055 565 1125 nostri
592 1056 708 1125 fratris
734 1063 772 1124 et
797 1055 849 1124 sui
875 1054 1115 1146 despicientia,
1132 1056 1191 1146 qui

150 1188 186 1237 se
202 1169 504 1260 quemadmodum
519 1171 594 1262 ipse
612 1170 872 1262 quodammodo
889 1169 1020 1239 deserit
1037 1178 1074 1238 et
1091 1168 1191 1261 fugit,

149 1283 284 1375 pudore
303 1285 470 1355 vitiorum
488 1286 654 1355 confusus
671 1294 708 1354 et
725 1284 917 1377 perculsus,
935 1283 1058 1354 eadem
1078 1294 1193 1354 vestra

149 1399 193 1470 sit
210 1422 330 1471 coram
344 1400 423 1470 Deo
440 1400 611 1472 scelerum
631 1402 801 1470 memoria
818 1410 1015 1470 vestrorum
1039 1409 1076 1469 et
1094 1421 1191 1470 vera·

149 1516 288 1585 cundia.
338 1514 478 1587 Deinde
495 1539 577 1585 cum
594 1517 638 1586 ad
657 1515 761 1608 hujus
778 1517 828 1585 rei
847 1515 1021 1607 publicam
1041 1527 1077 1584 et
1094 1537 1193 1606 aper-

150 1640 220 1702 tam
249 1632 437 1702 criminum
467 1633 720 1703 confessionem
750 1628 1004 1713 attenderitis¹,
1030 1641 1068 1701 et
1095 1629 1193 1702 iliam

149 1745 283 1837 optima
299 1745 370 1816 fide
391 1748 604 1839 propositam
624 1748 917 1828 existimaveritis,
936 1746 1100 1840 exemplo
1121 1746 1194 1816 Do·

150 1861 236 1931 mini
255 1861 327 1931 Dei
346 1860 461 1932 Patris
485 1862 585 1932 illum
610 1863 645 1932 in
669 1862 834 1932 humeros
856 1872 990 1933 vestros
1016 1863 1193 1954 injiciatis,

148 1976 331 2070 fractaque
356 1987 394 2047 et
419 1987 582 2069 quassata
603 1979 815 2072 gravissimis
838 1988 1062 2070 peccatomm
1084 1980 1194 2049 ruinis

148 2092 223 2185 ejus
252 2092 413 2163 membra
442 2092 609 2164 clementi
639 2095 804 2165 fraternae
834 2094 1016 2165 charitatis
1045 2094 1193 2166 leuitate

148 2210 381 2293 sustentetis3
419 2211 469 2281 sic
499 2209 593 2280 enim
623 2211 869 2281 misericordia
903 2211 1037 2281 mutuis
1070 2211 1193 2281 officiis

147 2335 373 2420 peecatorum
387 2336 587 2396 nostrorum
601 2349 708 2396 onera
721 2326 954 2408 sublevantes,
966 2325 1081 2421 legem
1095 2326 1192 2397 illam

148 2441 279 2514 Christi
311 2465 437 2513 novam
470 2453 508 2514 et
533 2465 675 2512 auream
702 2442 871 2512 iaciendas
895 2441 1077 2512 charitatis
1102 2445 1194 2513 inter

147 2580 210 2629 nos
227 2557 394 2652 praeclare
411 2558 704 2629 conservabimus.
732 2556 1003 2628 Proficiseautur
1019 2560 1062 2629 ad
1075 2558 1193 2631 Deum

149 2672 292 2744 Patrem
318 2697 398 2744 cum
425 2674 531 2767 hujus
553 2674 603 2742 rei
627 2674 791 2765 precibus
815 2684 937 2744 vestrae
960 2697 1093 2766 preces,
1117 2699 1195 2768 per·

147 2799 233 2884 gant
258 2812 340 2860 cum
368 2790 444 2882 ejus
466 2788 655 2882 lachrymis
680 2790 788 2859 etiam
814 2791 918 2860 vestri
945 2789 1058 2872 fletus,
1081 2800 1119 2860 et
1144 2793 1194 2861 ita

148 2907 291 2977 demum
310 2913 444 2976 certam
463 2906 571 2975 divini
590 2905 716 2976 favoris
733 2906 896 2976 fiduciam
915 2909 1033 2976 animo
1050 2910 1194 3001 suscipi-

148 3017 278 3101 entes²,
302 3020 397 3111 quod
421 3028 565 3111 propter
587 3019 768 3089 Christum
797 3019 1004 3088 immensam
1030 3019 1131 3089 nobis
1155 3030 1193 3092 et

147 3135 321 3206 infinitam
348 3134 624 3204 misericordiam
650 3135 830 3226 impartire
855 3132 952 3215 velit,
973 3157 1096 3204 omnes
1123 3159 1193 3207 una

147 3273 227 3321 cum
245 3251 314 3320 hoc
331 3272 393 3319 reo
411 3249 519 3319 fratre
537 3259 656 3319 nostro
672 3251 807 3319 veniam
823 3258 1047 3339 peccatorum
1066 3273 1194 3343 expec-

147 3377 274 3450 temus,
293 3375 331 3436 et
347 3366 382 3435 id
402 3366 478 3458 ipsi,
488 3387 586 3435 reum
605 3366 649 3436 ad
668 3388 732 3436 nos
749 3365 892 3434 fratrem
910 3367 968 3457 pie
985 3376 1022 3436 et
1039 3366 1192 3438 officiose

147 3484 389 3576 suscipientes,
407 3482 534 3552 nostris
557 3482 734 3572 quomodo
758 3503 943 3573 possumus
966 3481 1090 3553 studiis
1110 3506 1193 3554 con·
1299 3553 1305 3567 ,

146 3609 329 3671 testemur.
375 3596 466 3684 Quoe
483 3598 616 3688 majore
633 3608 672 3667 ut
692 3598 727 3666 in
747 3596 826 3666 luce
844 3607 1035 3679 versentur,
1053 3610 1091 3668 et
1109 3601 1193 3671 iaci·

146 3714 213 3786 iius
238 3714 334 3786 cerni
361 3713 504 3805 possint,
523 3733 622 3781 reum
649 3712 744 3782 hunc
770 3711 1010 3782 charissimum
1038 3714 1191 3800 fratrem,

144 3831 355 3923 interposita
381 3828 452 3897 mei
479 3829 633 3897 muneris
657 3828 800 3906 ratione,
821 3826 1019 3898 membrum
1039 3853 1193 3903 assuma-

145 3970 222 4018 mus
246 3955 285 4015 et
302 3965 534 4039 agnoscamus
556 3944 753 4013 communis
774 3943 808 4011 in
828 3942 970 4014 Christo
991 3948 1100 4018 nostri
1118 3972 1193 4020 cor·

145 4063 257 4154 poris;
285 4068 324 4130 et
346 4059 495 4129 intimus
516 4066 556 4127 ut
578 4067 698 4128 noster
720 4056 867 4128 affectus
890 4060 925 4128 in
950 4059 1016 4130 hoc
1040 4066 1241 4156 corporis87

146 4178 254 4247 nostri
272 4182 481 4266 recuperato
498 4172 658 4243 membro
676 4173 838 4244 testatior
854 4174 908 4255 sit,
924 4174 1073 4264 publicis
1090 4178 1190 4250 illum

352 4306 359 4345 ¹
376 4309 565 4366 attendentes.
794 4304 806 4342 ²
819 4309 986 4384 suscipietis.
