2692 4800
111 107 160 180 86
340 128 388 178 ou
414 128 619 181 aruarrcns
643 128 926 181 mormanus
1163 130 1187 181 o.

111 308 197 378 quas
222 285 297 378 ipsa
325 287 462 356 ratione
492 283 681 357 terrarum¹
710 285 843 358 debent
868 285 1028 358 decimas
1051 285 1152 356 dedu·

110 412 208 484 eunt,
235 400 290 473 vel
323 401 476 495 aliquam
505 399 622 473 oerte²
647 402 826 474 beneficiis
851 401 995 473 illorum
1021 400 1152 497 plagam
1284 382 1343 445 ’ὦ

111 516 166 588 vel
190 527 348 611 apertam
367 517 422 587 vel
448 515 624 589 occultam
645 519 818 612 injioiunt,
837 540 951 610 usque
971 517 1062 590 adeo
1083 540 1155 611 pro·
1282 549 1304 557 ··
1318 515 1346 544 '¹

109 636 311 727 pemodum,
329 642 371 704 ut
394 632 482 704 nulli
505 635 576 705 sint
599 635 660 727 qui
676 633 850 706 beneficia
873 634 1015 729 integro
1037 643 1076 705 et
1093 632 1157 705 ilii·
1292 718 1296 741 Ι

109 751 193 822 bata
210 773 291 821 oum
309 752 472 821 universo
487 751 570 842 jure
587 750 854 822 commodorum
872 749 1035 821 omnium
1052 751 1157 845 gratis
1318 728 1344 751 “

109 868 145 937 in
164 868 342 937 ministros
360 856 588 937 ecelesiarum
605 866 800 938 conferant.

145 1089 223 1174 Gap.
235 1108 266 1173 3.
289 1090 392 1152 Pacta
407 1086 440 1151 iu
455 1086 628 1152 muwdsu
641 1087 740 1152 sooria
753 1085 931 1172 interposito
944 1107 1007 1151 aaa
1021 1085 1129 1153 auiae.

161 1226 391 1320 Superiorum
421 1227 531 1320 igitur
560 1225 810 1296 difficultatum
836 1232 879 1295 ut
903 1223 1027 1319 aliqua
1053 1225 1160 1318 possit

109 1367 185 1415 esse
211 1342 353 1424 levatio,
372 1342 534 1414 volumus
559 1352 597 1412 et
616 1341 795 1434 jubemus,
813 1350 854 1412 ut
879 1341 955 1412 sive
979 1340 1160 1424 beneficia,

109 1461 182 1531 sive
212 1483 431 1553 quaeounque
465 1460 537 1530 sint
566 1458 642 1530 aliae
676 1458 869 1553 dignitates
903 1456 1161 1541 ecelesiastica,

109 1579 218 1672 gratis
248 1578 504 1659 condonentur,
533 1574 816 1668 necquicquam
848 1575 886 1645 in
913 1573 985 1646 illis
1011 1576 1060 1646 sit
1090 1572 1163 1647 ulla

109 1694 247 1765 ratione
271 1693 476 1786 praecisum:
511 1704 549 1762 et
575 1692 743 1785 quioquid
767 1687 861 1761 ullo³
885 1690 994 1763 modo
1015 1699 1162 1784 paetum

109 1818 172 1880 aut
200 1819 416 1880 conventum
444 1809 551 1879 fuerit
578 1809 671 1878 inter
695 1816 862 1900 patronos
886 1807 993 1900 ipsos,
1018 1816 1059 1878 et
1083 1805 1162 1879 illos

110 1951 260 2020 quorum
292 1928 411 1997 futura
441 1925 614 1996 beneficia
643 1923 700 1994 vel
735 1923 928 2017 dignitates
961 1932 1058 2007 sunt,
1089 1924 1163 1996 sire

110 2044 156 2115 sit
181 2041 381 2114 interillos
406 2041 498 2114 solos
521 2049 653 2124 aetum,
675 2040 749 2112 sive
775 2063 839 2133 per
861 2039 948 2111 alios
974 2041 1162 2135 irrepserit,

110 2163 277 2252 utrinque
302 2183 401 2231 suam
427 2160 471 2230 ad
498 2159 533 2229 id
562 2179 704 2251 operam
735 2157 1013 2249 interponentes,
1045 2158 1164 2229 omnia

109 2276 312 2371 hujusmodi
347 2285 451 2368 pacta
481 2285 518 2345 et
548 2283 725 2345 conventa
754 2270 810 2344 vel
840 2272 886 2343 ab
915 2272 1000 2366 ipsis
1030 2272 1089 2344 rel
1118 2274 1163 2345 ab

111 2394 198 2478 aliis,
226 2393 368 2464 illorum
399 2401 572 2485 respectu,
601 2414 811 2484 quacunque
837 2390 975 2461 ratione
1002 2388 1063 2461 vel
1086 2392 1161 2484 jam

112 2514 285 2592 instituta
316 2508 372 2580 vel
408 2532 489 2600 quae
523 2508 670 2600 posthae
705 2506 948 2588 instituentur,
976 2497 1272 2600 praesentis&
1338 2451 1346 2541 i

112 2627 330 2699 authoritate
365 2625 452 2720 legis
486 2625 564 2696 tolli
599 2624 820 2718 praecipimus
858 2632 895 2694 et
929 2624 975 2695 ad
1010 2623 1162 2694 nihilum

113 2742 280 2812 recidere.

234 2956 311 3040 Gap.
326 2977 357 3034 4.
382 2953 552 3038 Inquisitio
559 2961 724 3036 potiorum
739 2951 842 3037 qualis
857 2972 914 3016 aare
928 2948 1045 3016 dodosi.

165 3092 290 3163 Placet
318 3093 426 3162 etiam
453 3092 592 3183 quoties
619 3090 746 3182 aliquis
777 3090 952 3161 ordinario
978 3111 1017 3160 se
1042 3112 1167 3183 reprae-

116 3216 243 3288 sentat,
273 3216 313 3277 ut
342 3208 544 3300 priusquam
575 3206 619 3277 ab
650 3206 712 3276 illo
743 3207 852 3276 fuerit
883 3203 1066 3276 adullam
1093 3204 1167 3298 dig·

114 3327 264 3394 nitatem
286 3323 559 3394 ecclesiasticam
583 3324 765 3406 admissus
788 3323 825 3391 iu
847 3321 949 3392 illum
971 3321 1167 3392 ordinarius

115 3443 279 3534 inquirat,
309 3451 347 3511 et
375 3439 566 3532 quantum⁴
592 3448 711 3533 potest
739 3441 907 3510 odoretur
933 3447 972 3509 et
998 3439 1167 3531 pervesti-

116 3568 187 3653 get,
214 3582 258 3629 an
288 3557 361 3627 ulla
389 3558 521 3626 fuerint
550 3568 654 3649 pacta
680 3555 736 3626 vel
762 3563 939 3626 conventa
964 3554 1166 3647 hujusmodi

117 3675 235 3767 qualia
260 3677 355 3768 prius
381 3676 497 3766 posita
522 3684 616 3758 sunt,
644 3682 681 3743 et
707 3674 743 3742 in
771 3672 833 3741 illo
861 3671 1026 3742 volumus
1048 3672 1095 3744 ab
1115 3696 1168 3744 or·

118 3794 252 3863 dinario
280 3792 407 3883 requiri
431 3794 676 3883 juramentum
707 3790 792 3881 ejus,
825 3790 884 3881 qui
915 3789 1059 3859 admitti
1091 3810 1167 3882 pos-

118 3910 221 3992 tulat,
235 3917 272 3978 et
290 3932 360 3977 non
378 3909 454 4000 ejus
472 3908 598 3990 solum,
617 3907 676 3976 sed
697 3928 989 3998 quorumeunque
1006 3904 1165 3986 aliorum,

162 4165 389 4223 1terrarumom.
514 4159 632 4219 ²certis.
750 4158 832 4218 ³illo.
955 4152 1127 4235 ‘quantam
