2692 4800
147 280 218 346 118
394 294 443 344 ns
460 292 711 344 uccnssrunuu
726 293 935 346 asunmms.
1193 283 1254 354 ct

286 559 362 643 (lap.
373 559 404 622 6.
427 559 477 623 Do
490 557 664 623 catechismo
678 568 748 624 octe
761 559 864 624 omnio
879 560 1051 627 tractando.

197 699 326 770 Statim
354 708 433 791 post
462 699 652 790 primorum
684 700 946 793 perceptionem
977 698 1184 772 rudimento

147 838 236 899 rum,
253 813 381 909 singuli
400 814 560 906 discipuli
586 814 840 886 catechismum
858 814 1030 887 Latinum
1048 814 1184 899 discunt,

146 955 262 1025 neque
278 932 322 1004 ad
341 932 440 1002 sedes
458 932 553 1024 prius
570 931 825 1003 transferantur
841 930 1077 1017 sublimiores,
1090 954 1185 1027 quem

146 1049 190 1120 ad
208 1047 412 1120 catechismi
432 1048 641 1140 questiones
658 1049 869 1140 respondere
886 1046 1039 1121 valeant.

181 1263 258 1348 Gap.
271 1279 300 1346 7.
329 1261 417 1332 Quid
436 1263 472 1326 ic
493 1261 594 1326 sciolo
613 1262 654 1326 et
674 1262 825 1348 agendum
846 1264 881 1327 is
895 1263 1003 1349 primo
1023 1263 1158 1350 inem

327 1365 485 1443 castaliae,
501 1375 529 1429 et
540 1371 689 1449 postremo
703 1387 819 1451 egressu
834 1367 1013 1454 vespertino.

205 1507 474 1599 Quamprimum
514 1505 806 1599 hypodidascalus
846 1516 909 1578 aut
948 1508 1187 1604 ludimagister

145 1621 341 1716 ingreditur
365 1645 470 1694 mane
495 1624 531 1691 in
558 1621 723 1706 scholam,
750 1623 951 1694 recitabunt
976 1646 1104 1696 omues
1126 1624 1188 1696 dis·

145 1736 252 1829 cipuli
279 1736 382 1808 simul
408 1737 501 1809 clara
529 1760 616 1808 voce
642 1738 762 1832 lingua
790 1739 976 1812 vernacule
1005 1739 1188 1812 duodeclm

146 1855 263 1947 capita
288 1854 382 1939 fidei,
409 1855 604 1925 orationem
630 1853 865 1938 Dominicam‚
891 1864 929 1928 et
955 1856 1084 1927 decem
1109 1878 1189 1950 pra·

146 1980 249 2063 cepta
278 1971 376 2065 legin,
403 1981 441 2041 et
468 1971 512 2040 ad
543 1972 650 2041 finem
680 1972 851 2064 cujusque
878 1973 1056 2065 praecepti-
1075 1973 1190 2043 dicent

146 2087 300 2158 Domine
327 2089 503 2173 miserere,
528 2095 565 2158 et
591 2087 666 2159 haec
691 2088 820 2158 nostris
845 2110 995 2183 suggere
1019 2089 1190 2161 cordibus

144 2203 269 2295 Atque
298 2204 365 2274 hoc
399 2203 523 2274 itidem
554 2204 619 2275 sub
649 2213 791 2274 noctem
826 2203 957 2277 facient
991 2207 1191 2298 priusquam

145 2320 300 2392 scholam
324 2320 559 2415 egrediantur,

305 2533 381 2617 Gap.
397 2535 427 2596 8.
454 2533 641 2597 Decursis
656 2531 819 2616 dismpalos
832 2531 1042 2621 dedissentde
1071 2611 1074 2615 ,

199 2673 395 2743 Dominicis
413 2683 533 2743 sutem
551 2680 588 2741 et
605 2673 703 2742 festis
721 2672 845 2742 diebus
862 2673 1077 2742 conveniant
1095 2675 1191 2766 pueri

110 2812 112 2817 ⁴
145 2813 249 2860 mane
265 2789 309 2860 sd
328 2787 494 2869 scholam,
512 2798 619 2879 atque
642 2788 724 2857 inde
741 2811 762 2857 a
780 2787 1024 2881 ludimagistro
1041 2789 1087 2859 ad
1104 2797 1194 2860 tem·

145 2906 243 2998 plum
262 2905 492 2987 deducantur,
510 2927 551 2975 ac
568 2904 641 2974 illic
658 2904 725 2974 sub
741 2908 817 2995 ejus
837 2903 999 2974 custodis
1015 2916 1193 2989 maneant,

145 3023 260 3114 quoad
282 3044 379 3092 sacra
399 3021 531 3091 fuerint
552 3019 737 3091 absoluta:
764 3021 929 3112 idemque
953 3021 1194 3112 pomeridiano

146 3146 305 3228 tempore
340 3135 412 3217 liet,
438 3136 578 3227 quando
607 3135 665 3205 vel
695 3135 739 3205 ad
766 3135 1033 3219 catechismum,
1060 3134 1118 3206 rel
1151 3137 1193 3207 ad

146 3253 361 3344 vespertinas
384 3274 505 3344 preces
529 3251 686 3320 eundum
709 3251 799 3321 erit:
827 3252 875 3321 sic
899 3250 994 3321 enirn
1012 3252 1196 3322 cavebitur

145 3390 191 3438 nc
211 3370 309 3460 pueri
329 3376 463 3439 temere
481 3391 501 3439 a
519 3368 623 3439 sacris
646 3368 771 3450 absint,
790 3390 879 3438 neve
896 3369 932 3436 in
949 3366 1088 3459 templo
1109 3375 1196 3439 stre·

145 3494 231 3576 pant
249 3493 311 3555 aut
329 3486 524 3556 discurrant
542 3485 627 3554 dum
645 3506 742 3554 sacre
758 3493 985 3578 peraguntur.

198 3701 275 3785 Gap.
289 3722 318 3786 9.
342 3702 392 3764 De
407 3706 496 3764 aaa
504 3719 671 3785 puerorum
685 3697 939 3762 admittotdomm
953 3698 988 3761 ic
1002 3697 1143 3762 scdolcm.

196 3838 288 3909 Cum
315 3839 414 3930 pueri
443 3846 525 3908 sunt
554 3839 589 3906 iu
618 3836 772 3908 scholam
799 3836 999 3929 recipiendi,
1026 3859 1096 3907 non
1126 3838 1197 3908 sint

145 3958 298 4026 minores
328 3965 408 4026 octo
439 3956 547 4036 annis,
580 3977 693 4046 neque
724 3964 810 4024 natu
845 3953 995 4045 majores
1030 3962 1199 4045 quatuor·

147 4073 272 4143 decim.
