2692 4800
533 289 807 354 APPENDIX.
1129 293 1194 355 329

191 453 236 519 16,
248 455 277 510 6.
299 454 376 510 illum
392 454 527 510 direxerit
541 454 589 511 Cr.
603 455 713 511 instead
727 455 759 512 of
769 454 833 512 illos
846 455 951 513 dixerit

186 581 227 592 -
243 568 255 606 r
262 568 290 626 5.
313 559 342 607 et
356 551 491 625 Spiritum
506 551 558 607 sibi
573 551 717 608 vindicant
731 551 824 609 added
836 552 875 627 by
889 550 938 609 Cr.

185 679 226 690 -—
242 665 289 704 21.
313 647 425 724 Magna
439 667 550 723 qnoque
565 650 613 704 Cr.
628 649 739 705 instead
753 649 785 706 of
796 648 955 707 Contraria

186 777 227 786 —
244 761 290 818 ²3·
312 752 424 801 tanturn
437 745 530 802 added
543 746 581 821 by
596 744 645 803 Cr.

185 874 226 886 —
242 841 291 900 26.
313 843 407 899 inania
429 852 458 900 et
481 862 569 900 vacua
591 844 706 900 credere
730 845 777 902 Cr.
800 845 911 902 instead
934 844 966 902 of
987 843 1137 902 exhaurire
1163 850 1193 899 et

146 940 285 996 obterere.

185 1067 226 1078 -
243 1052 288 1111 29.
310 1036 385 1093 facta
408 1084 431 1093 ..
449 1082 473 1092 ..
496 1055 563 1092 vero
586 1035 695 1093 Perkes
716 1037 825 1095 instead
847 1037 879 1095 of
896 1038 1039 1096 exhibite.
1083 1038 1193 1095 Deinde

145 1134 197 1191 Dei
213 1134 306 1209 gratia
326 1143 354 1191 et
369 1134 492 1209 Spiritus
507 1133 629 1191 Sanctus
646 1134 675 1190 in
691 1133 918 1192 Christianorum
938 1136 1080 1192 mentibus
1100 1136 1189 1192 disse·

146 1233 281 1289 minatus.

187 1363 226 1374 -
240 1347 288 1402 30.
310 1330 389 1404 qnasi
403 1330 496 1405 sigillo
511 1330 634 1404 quodam
649 1330 698 1387 Cr.
714 1331 825 1387 instead
847 1331 878 1387 of
896 1340 1031 1407 tanquam
1047 1332 1191 1389 communi

146 1429 266 1503 quadam
282 1439 353 1485 nota

191 1544 235 1601 17,
252 1544 278 1599 3.
300 1525 425 1599 Spiritus
444 1575 447 1581 .
463 1573 466 1582 .
485 1573 508 1582 ..
524 1527 675 1583 instillatur
689 1526 781 1583 added
795 1527 832 1603 by
847 1527 897 1583 Cr.

191 1625 235 1690 18,
252 1627 278 1681 8.
301 1624 405 1680 habere
417 1624 577 1698 judicamus
592 1627 639 1681 Cr.
655 1624 766 1681 instead
781 1624 813 1680 of
824 1635 868 1681 est

188 1753 226 1764 -
241 1722 292 1780 ult.
315 1740 365 1796 per
379 1741 465 1798 agros
479 1722 570 1779 added
585 1723 623 1797 by
638 1722 751 1790 Parker,
767 1741 798 1779 as
812 1723 873 1779 also
886 1723 915 1779 in
929 1723 1084 1780 crastinum

190 1837 236 1894 19,
252 1835 281 1893 5.
304 1820 567 1877 communicationis
595 1819 663 1877 MS.
678 1820 885 1877 communionis

186 1948 227 1960 —
238 1949 280 1961 -
301 1937 358 1974 non
373 1919 510 1993 majorem
525 1917 573 1974 Cr.
589 1919 698 1976 instead
713 1919 745 1975 of
756 1919 875 1975 eandem
892 1919 1009 1975 omnino

185 2046 226 2055 —
244 2032 288 2070 10.
311 2015 394 2072 After
408 2016 629 2072 consecrationis
643 2016 693 2072 the
707 2016 800 2072 words
815 2025 847 2072 ot
862 2015 941 2072 aiunt
955 2016 1054 2072 erased
1064 2016 1102 2091 by
1117 2017 1167 2073 Cr.

185 2144 226 2154 -
244 2128 290 2185 17.
313 2131 359 2169 res
375 2160 398 2169 ..
416 2159 439 2170 ..
462 2113 610 2170 continent
628 2111 678 2170 Cr.
704 2113 790 2185 (after
810 2112 918 2170 several
939 2113 1124 2186 corrections)
1149 2115 1191 2171 in·

146 2210 226 2267 stead
245 2210 277 2266 of
292 2210 332 2267 ita
350 2220 513 2285 comparatu
534 2219 600 2267 sunt
620 2218 650 2267 ut
663 2230 757 2267 rerum
778 2210 1013 2286 significationem
1030 2213 1149 2270 afferant
1163 2221 1192 2270 et

146 2326 243 2365 earum
256 2309 535 2383 repraesentanonem
550 2309 693 2383 quandam
713 2308 845 2372 habeant,
862 2328 907 2365 res
924 2317 1018 2367 antem
1041 2311 1116 2385 ipsas
1136 2311 1193 2367 suis

146 2408 174 2464 in
190 2408 325 2465 membris
338 2416 368 2465 et
381 2407 548 2464 substantiis
562 2426 619 2463 non
633 2407 799 2464 contineant
812 2415 861 2463 ant
875 2407 1043 2481 exprimant.

186 2537 226 2549 -
243 2504 289 2561 26.
311 2505 409 2561 imo..
427 2513 644 2579 ..portentosas
658 2505 750 2561 added
764 2506 802 2581 by
816 2504 866 2562 Cr.

190 2619 237 2667 20,
252 2621 281 2675 4.
304 2602 386 2659 Next
407 2621 503 2660 comes
535 2603 564 2658 in
586 2603 636 2659 the
648 2600 716 2660 MS.
741 2602 791 2659 the
812 2602 960 2678 following
980 2602 1117 2678 chapter:
1151 2604 1194 2659 De

145 2700 236 2756 abusu
248 2700 425 2757 eucharistias
440 2701 469 2756 in
483 2699 586 2756 missis.
630 2699 757 2756 Notetur
776 2699 862 2757 etiam
880 2699 992 2756 illorum
1008 2699 1133 2757 amentia
1146 2700 1194 2774 qni

146 2807 353 2855 sacramentum
379 2798 555 2856 eucharistiae
577 2817 635 2853 non
663 2798 754 2853 solum
779 2798 808 2853 in
836 2815 934 2853 mensa
956 2797 1071 2853 Domini
1094 2796 1194 2853 volunt

147 2894 282 2959 adhiberi,
297 2904 326 2950 et
340 2895 415 2951 inter
427 2894 580 2950 nonnullos
596 2893 809 2957 communicari.
824 2894 875 2950 sed
890 2893 959 2950 illud
976 2894 1061 2950 etiam
1079 2913 1192 2969 separa·

145 2990 198 3046 tim
217 2991 252 3046 ad
271 2991 386 3046 missam
408 3000 508 3047 contra
522 2989 732 3065 Scripturarnm
747 2991 907 3048 institutum
923 2999 1068 3055 sevocant,
1083 2990 1121 3046 sll
1134 2990 1193 3047 this

146 3085 244 3143 erased
260 3087 297 3160 by
312 3086 380 3151 Cr.;
403 3087 452 3144 the
467 3097 525 3145 rest
539 3087 571 3144 of
587 3088 636 3145 the
656 3089 773 3164 chapter
790 3089 878 3164 being
894 3088 1068 3147 transferred
1084 3096 1117 3145 to
1129 3108 1192 3165 cap.

152 3201 198 3240 ιο.
213 3202 240 3258 p.
258 3202 300 3240 ra.

189 3311 228 3323 -
243 3300 303 3355 cap.
322 3300 369 3339 20.
395 3283 465 3339 title.
496 3283 545 3339 the
566 3284 660 3340 words
684 3284 796 3342 sublato
820 3284 1017 3360 religiosorum
1042 3295 1072 3343 et
1095 3285 1192 3343 minis-

147 3387 256 3435 trorum
272 3379 396 3436 ecclesiae
411 3381 510 3437 erased
523 3381 561 3456 by
573 3380 621 3437 Cr.

190 3492 236 3537 21.
254 3492 300 3531 αι.
324 3475 384 3532 sine
401 3524 405 3531 .
420 3523 424 3532 .
460 3477 653 3533 ‚conscientia
666 3478 758 3535 added
771 3478 809 3554 by
820 3477 871 3537 Cr.

190 3589 237 3635 22,
255 3589 300 3627 20.
322 3591 387 3628 cum
401 3581 430 3629 et
448 3622 451 3628 .
466 3620 470 3628 .
488 3620 492 3628 .
507 3620 511 3629 .
527 3574 698 3648 generaliter
711 3575 761 3632 Cr.
776 3575 887 3633 instead
901 3576 933 3633 of
949 3586 1056 3634 etcum
1072 3577 1192 3652 promis-

147 3669 240 3726 siones
255 3679 315 3726 tum
330 3670 421 3727 minas
434 3671 463 3727 in
479 3669 575 3728 Sacris
589 3669 743 3746 Scriptnris
758 3673 811 3730 sibi

189 3785 238 3842 23,
261 3769 304 3824 De
318 3768 438 3825 Judiciis
451 3778 506 3826 cte.
549 3768 665 3826 Several
685 3771 718 3827 of
736 3771 785 3830 the
801 3771 878 3829 titles
897 3771 929 3829 of
947 3772 1080 3847 chapters
1093 3773 1122 3828 in
1136 3771 1194 3828 this

147 3866 255 3922 section
271 3884 344 3922 were
358 3865 466 3923 altered
479 3868 517 3942 by
532 3869 592 3930 Cr..
607 3867 659 3925 bnt
671 3868 721 3925 the
736 3868 901 3926 alterations
916 3869 1029 3927 involve
1043 3888 1082 3926 no
1099 3869 1195 3944 points

147 3961 179 4017 of
191 3961 374 4037 importance.

190 4077 237 4134 23,
253 4078 281 4134 5.
302 4060 386 4125 After
405 4061 569 4134 exceptione
590 4062 639 4118 the
661 4060 727 4119 MS.
748 4061 801 4117 has
814 4062 891 4118 what
911 4060 1039 4118 follows:
1061 4058 1194 4117 Judicum

148 4157 298 4229 peculiaria
311 4176 378 4215 vero
393 4167 459 4215 sunt
473 4159 611 4233 quadam,
627 4177 689 4233 quse
708 4157 800 4215 solnm
819 4157 848 4214 in
867 4158 922 4215 hoc
936 4158 1076 4216 heresum
1086 4156 1194 4231 judicio

147 4253 251 4319 valent,
267 4275 302 4311 ex
317 4254 418 4330 quibus
434 4275 521 4312 unum
536 4265 580 4312 est
594 4254 671 4330 qnod
684 4254 784 4312 erased
797 4254 835 4330 by
848 4255 896 4313 Cr.

1197 4382 1285 4510 Ι
