2692 4800
435 954 541 1025 REX
568 951 835 1024 HENRICUS
861 950 1112 1025 OCTAVUS.

644 1167 878 1174 ——-———....

255 1304 550 1454 HENRICUS
578 1311 711 1369 octavus
734 1303 794 1367 Dei
819 1304 927 1389 gratia
950 1304 1076 1389 Angliae
1096 1312 1130 1368 et
1150 1303 1292 1369 Francia

343 1429 411 1482 rex,
426 1407 500 1471 fidei
516 1407 671 1482 defensor,
685 1413 718 1470 et
733 1407 879 1470 dominus
896 1407 1069 1483 Hiberniae,
1085 1428 1123 1471 ec
1138 1407 1172 1470 in
1187 1407 1292 1473 terris¹

251 1509 432 1599 [Ecclesia]
459 1511 643 1597 Anglicanae
666 1511 726 1573 sub
749 1509 818 1573 Deo
841 1517 939 1596 caput
960 1532 1165 1596 supremum,
1197 1509 1293 1574 omni-

248 1614 309 1677 bus
330 1613 582 1698 archiepiscopis,
607 1611 770 1697 episcopis,
792 1611 974 1689 abbatibus,
997 1612 1127 1686 clericis,
1151 1613 1292 1689 ducibus,

248 1714 492 1791 marchionibus,
518 1713 696 1792 comitibus,
722 1714 906 1789 baronibus,
934 1713 1096 1792 militibus,
1123 1714 1293 1801 generosis,

248 1839 287 1882 ac
305 1816 375 1882 aliis
396 1817 609 1902 cujuscunque
630 1814 754 1902 generis
776 1815 966 1894 hominibus,
987 1817 1124 1882 subditis
1148 1825 1183 1882 et
1206 1817 1294 1904 legiis

249 1919 375 1995 nostris,
395 1940 453 2004 per
477 1940 609 2004 regnum
635 1923 780 1981 nostrum
805 1923 840 1981 et
862 1917 1002 1983 dominia
1027 1926 1139 1984 nostra
1162 1920 1294 1985 ubilibet

248 2020 527 2097 commorantibus,
544 2021 677 2084 salutem
699 2027 732 2084 et
754 2020 941 2106 evangelicae
956 2021 1101 2086 veritatis
1122 2021 1294 2088 incramen-

249 2131 327 2188 tum.
372 2122 451 2186 Oum
474 2145 529 2187 vos
551 2122 663 2208 optimi
686 2123 767 2185 cives
790 2122 850 2185 mei
872 2122 1012 2206 mihique
1035 2124 1224 2203 charissimi,
1245 2149 1295 2191 me

249 2247 332 2289 nunc
352 2246 449 2288 uuum
475 2233 573 2310 atque
592 2226 693 2289 solum
709 2225 801 2310 hujus
823 2225 911 2311 regni
935 2226 1117 2311 principem,
1133 2228 1166 2290 in
1188 2230 1295 2294 tenis-

249 2351 310 2413 que
339 2329 511 2392 secundum
536 2329 639 2392 Deum
666 2329 760 2412 hujus
789 2328 928 2392 ecclesiae
952 2329 1138 2415 Anglicanae
1168 2332 1295 2398 unicum

249 2453 492 2516 supremumque
515 2438 621 2516 caput,
643 2430 906 2516 quemadmodum
928 2431 1024 2495 divini
1047 2439 1145 2519 atque
1165 2434 1295 2501 humani

245 2535 326 2618 juris
340 2534 425 2599 ratio
443 2535 594 2619 postulat,
611 2540 866 2619 potestatemque
881 2540 948 2596 tam
964 2535 1185 2601 ecclesiasticae
1201 2560 1295 2622 quam

248 2636 416 2701 mundanae
432 2637 550 2722 politiae
565 2636 642 2699 mihi
662 2635 898 2720 majoribusque
920 2635 999 2699 meis
1021 2635 1090 2721 ipso
1102 2637 1175 2721 jure
1191 2639 1295 2703 divino

248 2761 438 2816 concessam,
462 2741 584 2812 (verum
608 2737 715 2802 multis
739 2737 860 2801 saeculis
883 2737 975 2801 unius
999 2737 1134 2803 Romani
1156 2740 1295 2828 episcopi

248 2841 371 2906 malitia
395 2842 507 2906 fraude
537 2840 616 2903 dolis
645 2847 743 2923 atque
768 2839 889 2903 astutia
917 2847 1084 2924 ereptam)
1116 2841 1159 2904 ad
1188 2851 1296 2908 meet

248 2966 443 3008 successores
465 2965 552 3008 meos
575 2942 735 3029 pertinere
757 2964 821 3006 una
836 2964 911 3006 voce
925 2964 989 3006 uno
1004 2943 1143 3006 omnium
1165 2966 1295 3010 assensu

248 3047 441 3133 agnoscitis;
481 3069 545 3110 non
568 3067 697 3132 possum
720 3045 821 3108 indies
845 3045 945 3131 magis
970 3045 1134 3132 magisque
1157 3044 1295 3113 muneris

247 3158 345 3234 atque
365 3149 458 3213 officii
478 3149 541 3212 mei
562 3146 719 3212 rationem
743 3168 806 3210 non
830 3147 957 3222 habere,
983 3148 1084 3232 deque
1107 3147 1296 3216 illustranda

248 3252 308 3317 Dei
330 3252 441 3338 gloria,
469 3253 509 3315 de
533 3249 722 3315 Christianae
750 3249 879 3334 pietatis
905 3272 980 3314 vera
1005 3250 1153 3315 doctrina
1181 3275 1294 3338 propa·

246 3356 362 3441 ganda,
388 3356 428 3420 de
452 3352 575 3440 imperii
603 3352 697 3435 hujus
722 3351 942 3416 incolumitate
968 3359 1001 3416 et
1028 3352 1135 3438 quiete
1164 3356 1294 3436 tuenda,

247 3479 370 3521 summa
393 3456 490 3520 animi
514 3476 590 3518 cura
615 3460 713 3536 atque
735 3452 930 3538 cogitatione
949 3475 1012 3516 non
1038 3475 1106 3518 esse
1132 3455 1293 3521 sollicitus.

248 3557 426 3622 Occurrunt
440 3557 525 3621 enim
540 3556 673 3619 subinde
688 3554 794 3619 animo
809 3577 880 3618 meo
895 3556 992 3620 verba
1007 3555 1069 3631 iila,
1081 3578 1152 3639 quae
1166 3556 1294 3643 Sapien-

248 3660 301 3725 tiee
317 3682 385 3745 cap.
402 3663 432 3724 6.
448 3660 608 3723 habentur
622 3658 664 3722 ad
686 3658 768 3721 hunc
789 3659 938 3721 modum:
976 3666 994 3695 “
1007 3658 1129 3722 Audite
1143 3681 1246 3745 reges,
1262 3670 1294 3725 et

129 3790 134 3803 ·
165 3789 169 3800 ·
248 3762 422 3847 intelligite,
439 3761 588 3846 quoniam
611 3760 690 3824 data
712 3767 762 3824 est
781 3783 801 3824 a
817 3759 955 3824 Domino
977 3767 1123 3845 potestas
1141 3762 1239 3841 vobis,
1263 3771 1295 3828 et

247 3865 347 3927 virtus
364 3863 406 3926 ab
422 3861 598 3939 Altissimo‚
615 3862 669 3945 qui
687 3861 899 3947 interrogabit
914 3884 1013 3947 opera
1029 3876 1144 3939 vestra,
1161 3871 1195 3928 et
1211 3887 1294 3928 scru-

247 3965 370 4029 tabitur
384 3965 604 4050 cogitationes.
637 3964 691 4027 Ad
707 3986 763 4027 vos
779 3986 864 4050 ergo,
882 3986 983 4050 reges,
996 3972 1071 4029 sunt
1086 3965 1118 4028 hi
1134 3988 1294 4031 sermones

245 4065 317 4144 mei,
341 4074 378 4131 ut
403 4066 532 4131 discatis
556 4056 755 4152 sapientiam,
781 4076 813 4131 et
839 4088 879 4131 ne
903 4067 1067 4131 excidatis.
1122 4068 1183 4148 Qui
1212 4070 1294 4133 enim

349 4197 355 4224 ¹
368 4197 392 4242 in
406 4197 474 4243 terris
488 4195 635 4258 Angliu'tuis.
650 4195 737 4258 Strypc
750 4194 859 4243 wilkins
871 4206 895 4243 et
908 4196 984 4243 Editt.
997 4194 1058 4255 1640
1068 4205 1093 4243 et
1109 4195 1178 4256 1641.
