2692 4800
147 276 219 349 262
453 296 502 347 ou
527 296 888 351 rnasearrrromaus.

316 547 394 632 Gap.
405 569 438 630 4.
460 547 648 636 [sumptio
662 547 740 613 tollit
746 549 1018 635 praeiptiomm.

196 689 235 761 Si
261 692 306 760 de
331 691 593 783 praescriptione
617 698 655 760 et
680 688 936 782 interruptione
961 698 1061 762 mota
1084 690 1185 762 fuerit

146 808 291 898 quaestio
330 830 410 877 cum
450 807 600 900 receptis
635 804 787 876 testibus
825 828 888 875 seu
924 806 1186 900 probationibus

146 928 239 1014 (quae
265 924 372 1015 recipi
402 923 533 994 debent
563 922 609 992 eb
641 929 789 1013 utraque
818 925 931 1014 parte)
960 924 1110 1017 probata
1136 925 1186 993 iu

145 1040 214 1109 erit
236 1039 455 1131 interruptio,
473 1036 686 1131 praescriptio
708 1058 779 1107 non
802 1036 948 1109 tenebit.

246 1245 324 1332 (lap.
337 1261 368 1333 5.
393 1246 507 1311 Contra
521 1245 676 1310 metantes
690 1264 773 1308 nemo
781 1241 979 1332 prescribere
984 1252 1095 1331 potest

196 1395 291 1480 Quia
319 1396 514 1468 seeundum
544 1393 753 1487 apostolum,
782 1392 843 1487 qui
868 1392 1066 1487 spiritualia
1089 1398 1189 1467 aemi·

146 1521 217 1595 nat,
235 1536 305 1583 nou
331 1522 386 1584 est
408 1533 575 1606 magnum
598 1513 627 1582 si
654 1519 766 1581 metat
792 1509 1060 1594 cameliacum
1086 1536 1188 1585 nemo

145 1631 216 1701 suis
241 1629 425 1723 stipendiis
450 1629 604 1699 militare
633 1638 789 1723 cogatur,
814 1628 1014 1713 statuimus,
1037 1653 1086 1701 ne
1110 1630 1189 1702 sub-

145 1747 239 1818 ditus
268 1759 391 1818 eontra
417 1747 632 1841 superiorem
663 1744 910 1826 visitationem,
939 1754 1003 1817 aut
1027 1770 1190 1841 procura·

144 1865 279 1935 tionem
309 1865 446 1935 ratione
478 1862 686 1933 visitationis
711 1861 878 1943 debitam,
901 1863 938 1933 in
963 1864 1081 1957 seipso
1107 1888 1190 1958 pra·

146 1980 298 2053 scribere
318 1981 440 2074 possit.
491 1978 701 2074 Allegantea
717 1980 826 2073 igitur
841 2000 879 2049 se
900 2001 971 2049 non
988 1982 1190 2053 meminisse

145 2098 427 2191 procurationem
447 2096 590 2168 solvisse
613 2105 677 2168 aut
693 2097 842 2189 petitam
861 2096 978 2179 fuisse,
996 2098 1191 2171 audiendos

145 2235 216 2281 non
239 2212 314 2281 iore
337 2209 581 2295 decernimus3
612 2211 673 2281 sed
699 2222 868 2305 negantes
888 2235 995 2305 poeua
1016 2216 1191 2309 condigna

144 2328 355 2408 afficiendos,
385 2350 451 2398 nec
485 2350 556 2397 non
589 2328 633 2397 ad
670 2329 880 2421 condignam
914 2329 1190 2404 satisfactionem

146 2443 417 2538 compellendos,
460 2466 670 2535 quacunque
714 2446 975 2538 praescriptione
1018 2450 1191 2543 temporis

147 2582 216 2629 nou
240 2560 412 2640 obstante,
431 2560 628 2629 statuimus.
1024 2548 1033 2565 ⁸

177 2792 253 2878 Cap.
267 2795 297 2857 6.
320 2793 525 2877 Proesemptie
540 2793 733 2858 ecclesianam
747 2793 795 2858 eal
807 2794 992 2859 decimarum
1006 2795 1041 2859 io
1055 2795 1161 2861 aliem

604 2896 730 2961 dicen.

197 3038 410 3131 Episcopum
428 3039 488 3129 qui
511 3037 675 3109 eeclesias
693 3047 730 3108 et
748 3039 901 3109 decimes
918 3039 954 3107 in
971 3038 1089 3110 aliena
1105 3040 1192 3111 dioe-

147 3155 217 3224 cesi
243 3177 280 3226 se
307 3153 466 3248 legitime
491 3155 737 3246 praescripsisse
760 3156 932 3248 proponit,
959 3166 1102 3247 oportet
1127 3156 1192 3227 hu·

140 3271 300 3361 jusmodi
322 3272 589 3365 praescriptionis
613 3270 758 3340 titulum
778 3270 941 3364 allegare,
958 3279 996 3340 et
1014 3271 1111 3358 (cum
1131 3273 1192 3364 jus

147 3410 334 3458 commune
358 3399 480 3459 contra
502 3390 616 3480 ipsum
640 3389 760 3481 faeiat)
778 3389 935 3481 probare.
987 3387 1084 3457 Nam
1108 3389 1193 3460 licet

147 3506 191 3589 ei,
210 3506 269 3597 qui
290 3529 365 3576 rem
389 3506 581 3599 praescribit
604 3504 887 3587 ecelesiasticam,
905 3505 933 3575 si
953 3503 1020 3574 sibi
1043 3528 1114 3575 non
1139 3517 1192 3577 est

148 3623 362 3694 contrarium
380 3624 441 3715 jus
461 3644 658 3703 commune,
678 3620 734 3692 vel
758 3631 881 3692 eontra
904 3644 985 3692 eum
1004 3645 1192 3717 praesump

147 3740 198 3809 tio
228 3761 300 3808 non
327 3738 488 3823 habetur,
515 3738 665 3809 sufficiat
699 3739 790 3809 bona
824 3739 936 3822 lides;
976 3737 1036 3808 ubi
1072 3750 1189 3809 tamen

147 3865 202 3928 est
231 3856 263 3928 ei
284 3855 345 3948 jus
374 3880 562 3927 commune
592 3856 818 3938 contrarium,
845 3855 900 3925 vel
927 3854 1078 3926 habetur
1107 3881 1190 3950 prae·

146 3973 301 4065 sumptio
329 3981 451 4042 contra
480 3973 608 4065 ipsum,
634 3971 727 4042 bona
751 3972 838 4042 fides
867 3995 938 4042 non
964 3972 1104 4057 sufficit,
1131 3976 1188 4045 sed

147 4096 201 4158 est
235 4088 449 4158 necessarius
483 4087 621 4171 titulus,
651 4088 710 4179 qui
745 4090 932 4181 possessori
963 4112 1104 4159 causam
1131 4090 1188 4158 tri-

147 4204 234 4273 buat
254 4205 512 4296 praescribendi,
530 4205 597 4275 nisi
617 4206 706 4275 tanti
726 4205 893 4297 temporis
916 4203 1091 4299 allegetur
1107 4230 1187 4300 prur-

147 4320 300 4410 sen'ptio‚
319 4320 418 4409 cujus
435 4320 608 4389 contraria
625 4320 794 4389 memoria
811 4344 880 4391 non
899 4323 1030 4392 existit.
