2692 4800
464 313 709 374 rmoaunoun
730 315 891 367 ormena.
1153 302 1200 373 99

152 472 192 542 ad
219 468 382 542 ecclesia
409 493 533 564 operas
558 470 745 563 persolvet.
798 471 856 541 Ad
883 470 1119 541 visitationem
1146 494 1200 541 or·

152 588 323 659 dinariam
354 609 603 679 quamcunque
631 587 745 657 vocati
774 587 802 656 si
832 610 902 656 non
928 587 1139 656 accesserint
1163 599 1202 658 et

153 704 306 776 officium
323 727 427 775 suum
448 705 684 797 praestiterint,
702 704 874 774 arbitratu
893 704 1083 774 visitatoris
1101 705 1202 796 puni·

153 829 267 891 entur.

499 915 576 1001 Oop.
593 935 623 1001 3.
647 915 697 979 De
712 914 856 979 diaconis.

201 1055 387 1128 Diaconos
416 1058 484 1126 crit
514 1063 682 1146 patronus
712 1079 917 1149 pauperum,
948 1065 989 1126 ut
1018 1056 1202 1149 languidos

153 1173 350 1254 confirmet,
390 1172 524 1243 soletur
559 1172 705 1254 vinctos,
741 1173 863 1264 inopes
890 1174 1022 1265 juvet;
1065 1174 1202 1265 critque

152 1298 254 1383 pater
278 1288 454 1382 orphanis,
473 1297 641 1381 patronus
660 1288 783 1370 viduis,
807 1298 845 1359 et
871 1288 1035 1359 solatium
1064 1287 1203 1359 afflictis

153 1415 189 1476 et
214 1407 363 1484 miseris,
382 1413 555 1498 quantum
580 1404 617 1472 in
644 1402 705 1473 illo
731 1414 795 1486 est,
820 1404 992 1474 omnibus.
1046 1404 1204 1476 Nomina

153 1523 262 1593 etiam
287 1544 482 1614 pauperum
510 1520 663 1614 parocho
685 1519 874 1614 diligenter
896 1522 1042 1603 deferet,
1061 1530 1101 1591 ut
1127 1523 1203 1614 ejus

153 1660 256 1708 suasu
285 1637 445 1708 Ecclesia
469 1645 547 1706 tota
577 1644 738 1728 permota
766 1638 1036 1707 necessitatibus
1061 1636 1200 1707 illorum

152 1755 352 1848 prospiciat,
372 1776 419 1823 nc
443 1753 685 1823 mendicantes
711 1752 783 1824 late
808 1752 934 1824 fratres
960 1754 1201 1839 obambulent,

153 1873 278 1943 eodem
310 1883 348 1942 et
381 1870 517 1942 coelesti
549 1868 656 1940 Patre
687 1871 761 1940 nati
796 1879 833 1940 et
865 1872 979 1963 pretio
1013 1871 1199 1964 redempti.

154 1988 361 2059 Pastoribus
389 1987 509 2058 suisa
541 1986 669 2078 quibus
702 1988 829 2058 adsciti
861 1987 993 2059 fuerint
1027 1991 1062 2057 in
1095 1991 1201 2060 sacris

154 2105 415 2197 precationibus
440 2112 477 2174 et
495 2103 618 2174 officiis
642 2112 813 2196 perpetuo
830 2106 958 2176 adsint.
1012 2104 1200 2178 Lectiones

153 2243 195 2290 ex
220 2220 331 2291 verbo
348 2217 495 2290 Domini
521 2220 742 2309 quotidianas
768 2219 899 2312 populo
925 2222 1135 2303 recitabunt,
1162 2231 1200 2293 et

153 2339 177 2407 si
204 2337 349 2428 quando
376 2336 566 2407 necessitas
596 2337 788 2419 incumbat,
820 2338 1132 2422 concionabuntur,
1162 2348 1200 2410 et

151 2461 370 2524 sacramenta
391 2451 513 2539 (modo
537 2452 573 2521 id
597 2453 750 2545 episcopi
776 2461 839 2524 aut
864 2454 1030 2524 ordinarii
1055 2457 1200 2547 pennis·

152 2571 248 2642 sione
266 2568 412 2659 faciant)
429 2568 739 2638 administrabunt.
794 2566 863 2638 His
888 2569 1010 2640 officiis
1034 2571 1101 2640 nisi
1121 2570 1200 2641 dili-

150 2695 276 2778 genter
300 2706 361 2754 cos
386 2682 586 2777 invigilasse
611 2705 675 2775 per
697 2684 920 2776 presbyteros
941 2681 1111 2755 Ecolaaioe
1137 2686 1199 2756 de-

151 2809 386 2873 monstratum
415 2802 472 2883 sit,
494 2802 647 2895 episcopi
678 2801 757 2872 illos
782 2802 827 2872 ad
856 2802 1016 2873 altiorem
1047 2804 1196 2897 gradum

151 2938 217 2987 non
237 2925 479 3011 promoveant.

469 3128 546 3214 Gap.
564 3150 594 3211 4.
617 3130 666 3193 Dc
674 3128 871 3215 presbyteris.

198 3266 240 3337 In
259 3267 465 3360 presbytero
482 3290 598 3338 mores
614 3267 779 3338 eluceant
796 3292 818 3339 a
835 3267 882 3338 D.
899 3268 1011 3340 Paulo
1027 3271 1195 3365 descripti

150 3382 278 3476 prima¹
310 3386 354 3455 ad
371 3383 463 3455 Tim.
490 3385 537 3455 iii.
565 3394 602 3454 et
632 3384 676 3455 ad
702 3384 825 3455 Titum
852 3387 976 3479 primo.
1038 3385 1195 3483 Gregem

151 3498 215 3569 Dei
237 3499 305 3570 sibi
322 3501 550 3570 commissum
568 3500 676 3570 verbo
695 3501 776 3571 vitae
799 3503 949 3572 subinde
971 3504 1139 3584 nutriant,
1157 3514 1196 3573 et

147 3617 189 3687 ad
209 3617 380 3688 sinceram
406 3628 484 3687 tum
503 3617 582 3687 Deo
606 3626 684 3687 tum
708 3618 994 3712 magistratibus2
1019 3621 1056 3689 iu
1081 3611 1245 3714 digni-48

147 3740 221 3802 tate
236 3728 361 3824 positis
378 3731 616 3802 obedientiam
639 3732 779 3805 assidue
805 3733 990 3816 alliciant-³,
1008 3745 1046 3805 et
1066 3738 1109 3807 ad
1132 3736 1193 3808 be·
1316 3792 1321 3807 .

145 3847 382 3917 nevolentiam
401 3857 562 3918 mutuam
581 3847 800 3921 Christianos
821 3874 943 3922 omnes
964 3851 1087 3923 scdulo
1105 3854 1192 3923 invi-

145 3971 231 4033 tent.
302 3962 386 4033 Non
421 3965 492 4034 siut
526 3975 760 4057 compotores,
795 3989 868 4037 non
902 3967 1086 4053 aleatores,
1120 3994 1190 4040 non

143 4101 306 4171 aucupes,
323 4101 393 4149 non
414 4087 609 4162 venatores,
633 4103 702 4150 non
726 4081 963 4173 sycophantae,
980 4105 1051 4152 non
1076 4085 1190 4163 otiosi,

142 4202 204 4264 ant
221 4193 359 4286 supini3
384 4194 445 4265 sed
470 4217 646 4265 sacrarum
669 4194 850 4266 literarum
869 4199 995 4268 studiis
1013 4208 1050 4266 et
1069 4200 1192 4290 pradi-

206 4339 213 4378 ¹
230 4334 321 4410 prima
336 4353 388 4392 cnr.
554 4328 567 4370 ²
581 4335 759 4410 magistratui
773 4357 815 4395 ac.
979 4344 992 4383 ³
1006 4338 1127 4397 eliciant.

633 4440 700 4504 ΗΞ
