2692 4800
474 325 713 382 rmouuuous
739 323 901 374 osmcus.
1159 309 1206 381 97

153 485 242 555 dinis
277 484 457 577 parochiae
491 485 627 555 ratione
661 484 792 566 habita,
827 506 872 553 ex
917 480 1206 575 parochianorum

154 601 356 694 sumptibus
375 602 492 672 facere
510 601 715 672 auctiorem.
766 599 815 668 Et
832 599 936 689 hujus
953 598 1060 668 etiam
1078 619 1207 667 munus

157 727 208 786 est
225 717 364 811 templs
382 726 530 811 purgutu
548 739 764 796 conservare,
783 714 901 785 Biblia
920 738 1027 793 sacra,
1046 724 1084 783 et
1108 735 1208 806 pere·

158 830 308 922 phrasin,
325 856 368 903 ec
386 831 539 925 reliquos
557 831 664 902 libros
682 831 854 914 eeclesiae,
871 853 917 900 ue
935 830 991 899 vel
1010 829 1208 901 lacerentur

159 947 208 1017 vel
233 957 508 1041 corrumpantur
527 947 717 1041 diligenter
736 970 880 1018 curare:
915 969 1113 1039 campanas,
1130 946 1207 1037 qui-

159 1064 219 1135 bus
237 1065 392 1158 populus
410 1064 465 1136 vel
483 1066 527 1136 od
546 1065 732 1135 conciones
751 1064 806 1134 vel
833 1064 877 1134 ud
903 1085 1025 1156 preces
1048 1061 1205 1154 publicus

159 1193 360 1265 evocantur,
379 1181 434 1252 vel
452 1181 593 1274 quaudo
614 1205 677 1275 pro
701 1191 831 1275 egente
856 1182 1009 1251 animum
1034 1178 1204 1248 orandum

157 1306 219 1379 est,
238 1296 295 1368 vei
321 1298 437 1390 gravis
457 1297 588 1388 alioqui
615 1298 705 1367 ratio
731 1306 794 1367 aut
820 1297 1008 1366 necessitas
1035 1295 1206 1364 humano-

156 1435 233 1483 rum
259 1436 406 1484 casuum
425 1424 539 1507 urget,
557 1424 641 1506 apto
660 1422 819 1505 ternpore
838 1411 997 1504 pulsare:
1025 1419 1150 1492 vestes,
1167 1420 1206 1480 et

154 1530 293 1622 pocula,
324 1541 362 1601 et
391 1530 461 1603 ulis
489 1533 619 1623 quaevis
649 1527 827 1600 ecciesiae¹
864 1539 1071 1598 ornamenta
1100 1526 1206 1598 saeris

154 1648 278 1719 usibus
303 1648 488 1741 assignata,
507 1656 548 1717 ut
576 1670 663 1740 pura
689 1657 726 1717 et
747 1647 860 1716 nitide
883 1647 953 1716 sint
983 1646 1202 1738 prospicere:

150 1775 190 1833 et
208 1767 238 1834 si
256 1765 341 1856 quid
361 1765 408 1834 sit
426 1763 481 1834 vel
501 1773 679 1834 vetustate
696 1764 910 1845 confectum,
924 1761 980 1832 vel
999 1784 1080 1832 cesu
1099 1762 1205 1832 detri-

147 1894 244 1963 tum,
264 1881 320 1951 vel
344 1880 554 1953 necessitate
577 1880 696 1973 ulique
721 1878 994 1961 immutandum,
1021 1879 1205 1973 gordianos

147 1998 229 2089 ejus
248 1998 299 2066 rei
317 1998 352 2066 iu
373 2009 531 2090 tempore
549 1998 759 2066 admonere:
781 2016 911 2088 squaru
927 1995 971 2064 ed
990 1994 1205 2087 baptismum

146 2112 346 2183 adhibere:
376 2135 500 2204 punem
519 2123 557 2183 et
574 2114 695 2183 vinum
718 2114 762 2183 sd
789 2119 1046 2183 sacrosanctam
1067 2133 1204 2182 coeusm

148 2229 301 2299 Domini
328 2227 576 2300 celebrandum
601 2251 814 2322 preparare:
844 2252 887 2299 sc
909 2229 1040 2320 pastori
1066 2229 1204 2298 tamin

149 2346 310 2439 conjugii
338 2342 428 2416 ritu²
451 2345 674 2431 celebrando,
693 2369 798 2438 quam
821 2348 857 2416 iu
877 2367 961 2416 curu
979 2353 1017 2415 et
1035 2345 1205 2415 visitatio-
1213 2365 1253 2434 47

150 2462 209 2531 nis
225 2472 265 2532 et
283 2462 426 2545 funeris,
439 2473 476 2532 et
494 2462 637 2556 reliquis
655 2463 760 2533 sacris
777 2460 1018 2533 functionibus
1031 2462 1203 2544 omuibus,

152 2578 382 2648 continenter
399 2580 598 2650 ministrare
615 2589 652 2649 et
668 2579 825 2650 studiose
842 2578 1020 2649 inservire.
1064 2577 1203 2663 Quibus

154 2695 190 2763 in
217 2693 341 2764 officiis
368 2695 508 2767 tuendis
532 2697 707 2789 siparum
734 2696 884 2790 diligens
911 2696 1203 2790 deprehendetur,

154 2810 297 2904 parochi
324 2820 363 2880 et
387 2811 633 2904 gurdiuuorum
660 2813 739 2894 erit,
765 2836 848 2882 eum
874 2814 919 2884 ud
945 2836 1074 2884 munus
1099 2838 1201 2885 suum

153 2937 217 2996 eut
245 2948 419 3008 revocure,
450 2936 513 2996 out
538 2926 656 3009 elium,
687 2950 769 2998 cum
798 2927 907 2998 semel
936 2938 1044 3020 atque
1072 2929 1202 3001 iterum

153 3042 361 3113 admonitus
381 3042 497 3126 fuerit,
519 3043 554 3112 in
582 3043 659 3134 ejus
676 3042 792 3113 locum
815 3042 1040 3114 substituere.
1093 3043 1142 3114 Et
1157 3045 1203 3116 ud

153 3159 310 3242 eosdem,
328 3157 520 3252 parochum
547 3159 691 3249 inquom
717 3166 755 3227 et
779 3158 975 3252 gurdianos,
1000 3160 1203 3252 pertinebit,

153 3296 235 3344 cum
262 3296 391 3344 munus
416 3273 616 3365 hujusmodi
644 3274 830 3355 recusent,
851 3274 1017 3344 idoneum
1043 3272 1088 3343 od
1114 3272 1202 3344 illud

153 3412 341 3461 umumere.
378 3389 461 3475 Qua
472 3388 528 3460 iu³
544 3389 718 3461 electione
735 3391 763 3461 si
781 3390 1033 3473 consenseriut,
1047 3390 1200 3482 ipsorum

145 3506 285 3597 judicio
302 3528 357 3578 res
372 3506 573 3578 definiatur.

247 3735 325 3820 Oop.
343 3753 373 3799 2.
397 3735 446 3798 De
459 3734 614 3800 omen
627 3735 688 3800 sico
699 3733 864 3820 pordionis
878 3733 1069 3800 mutianum
1083 3743 1111 3798 ct

583 3836 769 3902 mulinum.

203 3974 275 4045 Res
287 3996 411 4045 omnes
428 3975 465 4044 iu
479 3974 613 4068 templo
625 3974 838 4045 necessarias
855 3976 1027 4046 oeconomi
1041 3975 1200 4067 parochi-

152 4115 298 4163 anorum
324 4090 524 4183 sumptibus
549 4091 735 4183 parabunt,
753 4101 791 4161 et
813 4088 973 4161 eosdem⁴
999 4092 1048 4162 sic
1070 4093 1199 4162 aedituo

193 4273 346 4339 ¹ecclesioe
361 4297 413 4335 om.
490 4275 639 4337 2τίῐιιοηι.
713 4275 835 4338 ⁸inorn.
908 4277 1091 4338 ⁴eteusdem
1106 4302 1156 4339 om.

661 4397 688 4447 Η
