2692 4800
528 326 577 377 oa
602 326 852 379 susraumoaa.
1140 309 1208 380 161

166 471 213 542 illi
239 481 383 568 negata,
408 497 474 547 neo
499 499 538 548 se
562 487 703 549 mature
731 480 892 573 corrigat,
920 501 1000 550 cum
1028 481 1212 574 episcopus

165 588 266 660 illum
297 589 403 662 officii
432 593 610 675 admonet,
636 602 675 664 et
704 595 1080 668 excommunicationis
1108 619 1214 689 poena

165 704 340 797 plectetur
372 717 411 778 et
443 709 692 780 deseorationis
726 710 918 781 acerbitate
954 710 1009 782 vel
1044 711 1213 805 degrada·

165 822 277 906 tionis,
311 832 353 895 ut
392 823 498 919 vulgo
536 825 740 920 loquuntur,
778 834 821 897 ut
857 826 1020 898 omuibus
1060 837 1261 911 exuatur77

164 940 377 1010 ornamentis
411 949 526 1012 status
559 941 797 1014 ecclesiastici.
855 942 895 1014 Si
931 966 1014 1014 vero
1050 945 1212 1017 minister

163 1076 231 1123 non
257 1055 376 1137 fuerit,
402 1057 464 1128 sed
491 1079 537 1128 ex
568 1059 691 1129 ordine
716 1057 816 1140 laico,
842 1059 1210 1130 excommunicatione

163 1170 317 1243 ferietur.

202 1384 280 1471 Gap.
292 1387 322 1451 ⁶.
351 1387 452 1453 Pena
466 1386 587 1452 illorum
602 1388 656 1473 qui
669 1388 822 1474 suspensis
835 1395 891 1452 out
903 1385 1166 1453 sammonicum

517 1501 623 1555 contra
639 1490 840 1577 laycosaoent.

207 1628 423 1723 Quicunque
447 1630 606 1725 publicas
630 1655 760 1726 preces,
778 1639 1006 1714 sacramenta,
1024 1638 1087 1701 aut
1112 1653 1208 1702 oere-

159 1746 295 1817 monins
320 1745 573 1819 ecclesiasticas
599 1747 655 1819 vel
676 1750 742 1841 ipsi
768 1747 1030 1829 administrent,
1048 1744 1105 1816 vel
1130 1745 1208 1817 aliis

157 1861 428 1934 administrandi
454 1864 621 1936 authores
643 1865 786 1947 fuerint,
804 1886 922 1935 eoram
949 1862 992 1933 iis
1018 1862 1080 1953 qui
1103 1884 1209 1954 poeua

158 1979 213 2050 rel
255 1982 492 2074 suspensionis
534 1982 590 2053 vel
634 1981 1013 2053 excommunicationis
1053 1983 1206 2075 correpti

156 2104 249 2180 sunt,
266 2106 330 2169 aut
353 2096 434 2170 illos
456 2100 492 2169 in
513 2097 662 2171 ecclesia
687 2102 888 2192 quicunque
913 2106 1206 2182 retentantem

155 2235 177 2283 a
194 2214 366 2286 ministris
388 2214 549 2309 legitime
572 2215 819 2297 admonentur,
838 2215 904 2284 nisi
925 2237 946 2284 a
967 2214 1129 2286 ministro
1151 2237 1207 2286 re·

155 2331 317 2428 prehensi
347 2334 551 2405 temeritate
585 2333 799 2412 destiterint,
829 2331 1205 2403 excommunicationis
1251 2320 1256 2331 ’

155 2457 192 2518 et
209 2448 278 2541 ipsi
300 2447 473 2542 supplicio
491 2448 796 2543 reprehendantur

196 2675 275 2761 (lep.
285 2694 316 2757 7.
340 2676 440 2741 Pmm
453 2696 660 2762 mspmsomm
674 2684 703 2739 st
716 2673 1037 2739 excommunicatorum
1050 2672 1079 2738 εἰ
1087 2694 1160 2757 pcr-

397 2777 539 2844 simum
553 2777 695 2864 templum
709 2779 791 2842 seire
805 2785 950 2841 recurrat.

204 2918 276 3003 Qui
303 2941 386 2988 vero
410 2918 456 2989 ab
481 2916 629 2988 eeclesia
650 2916 799 3010 religati,
818 2917 872 2985 vel
901 2915 1028 3007 quibus
1053 2913 1203 2986 ecclesia

153 3055 293 3126 prorsus
322 3044 377 3106 est
405 3034 650 3116 interdictum,
672 3040 746 3112 eut,
773 3041 816 3102 ut
844 3032 975 3102 usitate
1004 3030 1201 3122 loquamur,

153 3151 212 3242 qui
246 3150 406 3243 suspensi
435 3149 493 3221 vel
528 3149 826 3220 excommunicati
859 3156 953 3228 suut,
982 3147 1011 3216 si
1043 3145 1200 3238 (quando

152 3265 314 3359 supplicii
339 3267 430 3337 ratio
460 3265 630 3358 postulet)
657 3288 695 3336 se
720 3265 765 3335 ab
793 3263 942 3335 ecelesia
971 3285 1042 3332 non
1070 3261 1201 3332 abalie-

151 3391 250 3464 nant,
267 3382 336 3453 isto
357 3382 464 3453 modo
487 3391 611 3453 eontra
638 3380 781 3452 illorum
801 3379 1030 3471 pertinaciam
1055 3380 1198 3472 procedi

145 3498 326 3590 jubemus.
369 3497 407 3568 Si
433 3506 519 3569 sunt
543 3519 590 3567 ex
615 3496 740 3567 ordine
767 3494 1003 3566 eeclesiastico
1029 3503 1068 3564 et
1092 3495 1200 3567 bene-

150 3614 230 3684 ficia
253 3613 407 3686 habeant
424 3612 497 3683 ulle
518 3612 767 3695 ecclesiastica,
784 3611 925 3681 illorum
948 3608 1199 3683 emolumentis

149 3730 194 3801 ad
212 3737 355 3823 tempus
371 3730 599 3802 denudentur
619 3728 785 3798 ordinarii
809 3726 990 3797 arbitratu.
1043 3724 1082 3796 si
1103 3727 1197 3797 fruo-

148 3855 208 3916 tus
224 3845 270 3916 ad
287 3845 367 3918 illos
383 3868 430 3918 ex
448 3845 597 3916 ecclesia
614 3843 733 3915 nullus
750 3843 881 3926 redeat,
899 3864 1023 3914 omues
1041 3842 1198 3914 actiones

147 3961 466 4035 ecelesiasticorum
491 3983 680 4031 munerum
702 3974 810 4030 erunt
832 3960 883 4029 eis
908 3957 1128 4038 interdiotae;
1158 3969 1197 4028 et

146 4078 234 4150 licet
262 4078 435 4171 prioribus
465 4077 613 4147 vinculis
643 4075 840 4147 liberentur
872 4074 1109 4168 suspensionis
1140 4073 1194 4145 vel

144 4194 534 4276 excommunicationis,
555 4202 676 4263 tamen
702 4194 882 4285 integrum
907 4212 1039 4260 annum
1066 4191 1102 4260 in
1128 4189 1195 4261 hac

142 4331 336 4383 munerum
365 4309 681 4380 ecelesiasticorum
716 4309 975 4379 intermissione
1010 4328 1194 4398 permane-

655 4444 684 4494 u
