2692 4800
503 319 824 371 ncrmranrurrs.
1129 302 1200 369 135

152 482 296 569 propter
318 473 410 544 hanc
432 474 581 545 remita
603 475 836 556 moderamur,
854 485 896 545 ut
912 475 942 544 si
965 475 1117 566 primum
1140 471 1202 544 ille

151 593 196 663 dc
228 613 375 663 suornm
408 589 613 660 criminibus
646 589 865 672 iudicaverit,
896 590 972 682 ejus
1007 589 1054 660 sit
1087 589 1202 660 omnis

150 708 293 781 illorum
317 708 514 802 castigatio,
534 706 601 778 nisi
626 728 708 776 reus
732 704 832 776 illam
854 704 1091 799 appellatione
1114 706 1203 776 vita-

152 827 253 898 verit.
318 824 357 896 si
391 846 475 895 vero
508 833 656 916 peccata
688 823 785 915 prius
817 822 863 892 ad
906 822 1111 915 episcopum
1144 821 1201 893 vel

150 941 453 1035 archiepiscopum
476 939 706 1033 perferantur,
724 951 762 1008 et
786 936 839 1008 illi
863 938 1035 1032 coeperint
1060 960 1201 1009 cansam

150 1079 375 1152 cognoscere,
404 1054 546 1126 illorum
570 1055 707 1148 judicio
734 1055 819 1125 stari
849 1053 975 1147 placet.
1034 1054 1083 1124 Et
1110 1055 1202 1127 hanc

151 1196 234 1245 saue
260 1173 463 1244 cautionem
488 1173 525 1242 in
551 1170 634 1242 solis
664 1170 851 1242 criminum
878 1171 1124 1243 controversiis
1149 1172 1202 1242 di·

145 1288 349 1383 judicandis
378 1288 430 1358 ita
459 1287 572 1358 teneri
599 1286 727 1380 placet,
753 1295 794 1357 ut
820 1294 939 1357 cetera
967 1286 1201 1359 immunitatis

144 1407 225 1498 jura
243 1413 281 1476 et
298 1404 576 1475 consuetudines
591 1401 761 1474 inviolata
778 1411 816 1473 et
833 1400 930 1474 salva
946 1414 1162 1475 remaneant.

535 1712 817 1722 -u———u-

447 1938 515 2008 DE
540 1937 909 2009 TESTAMENTIS.

421 2133 498 2220 Oap.
516 2155 541 2198 1.
572 2135 656 2214 Quid
667 2135 708 2200 sit
722 2144 936 2201 uelamentum.

200 2275 473 2347 Testamentum
503 2284 558 2345 cst
587 2285 715 2347 nostrae
745 2275 938 2347 voluntatis
972 2285 1010 2346 et
1037 2277 1202 2370 perfectae

149 2392 285 2463 mentis
310 2390 456 2462 definita
480 2392 657 2463 sententia
681 2393 727 2463 de
752 2415 869 2462 rerum
899 2401 1096 2465 nostrarum
1122 2407 1203 2488 post

149 2515 309 2579 mortem
330 2505 573 2590 collocatione,
590 2509 684 2599 quod
708 2509 868 2578 nominat
893 2517 932 2578 et
954 2510 1109 2581 instituit
1129 2534 1204 2581 cer·

152 2635 233 2696 tum
268 2622 459 2705 haerodem,
494 2623 554 2715 qui
588 2647 682 2695 nunc
716 2633 888 2695 executor
921 2624 1028 2719 vulgo
1062 2627 1202 2698 dicitur.

149 2740 383 2813 Testamenta
413 2762 495 2811 vero
522 2741 679 2832 quisquis
707 2740 762 2810 vel
790 2743 954 2812 universa
979 2744 1122 2827 retexit,
1146 2744 1201 2815 vel

150 2857 262 2929 ullam
286 2856 429 2927 illorum
452 2865 589 2949 partem
610 2881 820 2950 quacunque
841 2859 977 2929 ratione
999 2859 1113 2930 sciens
1129 2860 1203 2931 vio·

151 2973 216 3057 lat,
255 2972 482 3044 anathemate
524 2974 753 3066 percutiatur,
787 2983 826 3046 et
863 2998 909 3045 ex
947 2976 1202 3048 communitate

151 3089 362 3162 Christianae
384 3087 562 3160 societatis
588 3090 807 3161 exturbetur.

413 3301 491 3387 Cap.
506 3320 535 3366 2.
558 3301 607 3365 Dc
621 3298 744 3366 testibus
758 3302 943 3368 adhibeatis.

204 3434 474 3507 Testamentum
499 3437 668 3531 legitimis
691 3440 840 3510 testibus
863 3442 1121 3513 communitum
1144 3445 1201 3528 sit,

153 3562 193 3624 et
218 3551 243 3622 ii
274 3553 480 3623 nominatim
507 3562 693 3646 ponantur,
725 3555 798 3648 ipse
828 3557 997 3641 minister,
1024 3567 1063 3627 et
1090 3559 1204 3631 eccle·

154 3670 219 3739 siae
245 3667 389 3762 syndici,
415 3691 504 3761 quos
530 3669 715 3763 gurdianos
739 3669 931 3764 appellant,
954 3683 1017 3744 ant
1046 3675 1117 3744 duo
1147 3675 1203 3746 vel

153 3794 228 3855 tres
252 3781 483 3855 asciscunturl
516 3786 580 3855 viri
611 3795 778 3879 spectatae
803 3787 989 3879 probitatis
1019 3798 1056 3860 et
1081 3791 1204 3884 explo-

153 3909 244 3971 ratae
268 3899 363 3982 fidei,
391 3910 453 3971 aut
483 3901 635 3993 denique
665 3912 920 3974 testamentum
949 3907 1066 3997 ipsum
1097 3930 1203 3978 manu

153 4019 344 4101 testatoris,
359 4028 397 4089 et
414 4020 563 4091 duorum
582 4021 637 4091 uel
656 4022 761 4091 trium
780 4022 937 4105 testium,
949 4024 1201 4120 consignetur2.

320 4173 328 4214 ¹
344 4181 520 4239 assistantur.
763 4184 776 4222 ²
790 4183 974 4260 consignetur
988 4205 1038 4242 om.
