2692 4800
148 265 196 332 20
546 282 596 331 na
613 281 835 333 1111111111.
1193 282 1221 332 1.
1239 285 1242 332 1

147 446 185 507 et
226 461 248 509 a
280 438 484 510 conditione
516 447 817 510 sacramentorum
853 438 959 533 longe
993 440 1196 527 dissidens;

147 564 325 647 postremo
343 555 540 625 communis
556 555 721 647 quaedam
738 555 878 626 sentina
903 556 1197 648 superstitionum

146 671 339 742 multarum
357 671 393 740 i'n
413 669 609 742 Ecclesiam
627 669 698 741 Dei
714 679 1027 764 comportatarum.

442 832 519 919 (lap.
538 852 588 896 20.
612 834 664 896 Dc
677 832 883 896 matrimonio.

195 952 278 1026 Jam
302 957 385 1028 inde
417 980 439 1028 a
467 956 590 1049 primis
618 954 790 1027 Ecclesiae
820 954 1042 1048 temporibus
1069 976 1198 1050 magm

146 1073 215 1142 fuit
243 1071 489 1144 baereticorum
515 1071 630 1154 turba,
656 1094 734 1164 quae
763 1071 1031 1142 matrimonium
1061 1094 1197 1144 aversa·

145 1185 252 1257 batur
273 1195 315 1256 nt
340 1188 472 1257 foedam
495 1209 570 1257 rem
589 1197 627 1256 et
651 1187 884 1278 inquinatam,
902 1195 941 1257 et
958 1186 1016 1258 vel
1034 1187 1197 1261 funditus

145 1325 167 1372 e
184 1310 279 1372 coetu
292 1301 451 1372 fidelium
468 1301 687 1383 auferebant,
701 1300 769 1385 vel,
783 1302 812 1371 si
830 1302 946 1373 semel
957 1302 1196 1376 imbecillitati

145 1426 273 1488 111111
290 1415 587 1510 permittereturl,
605 1425 727 1488 tamen
745 1415 834 1487 illud
852 1417 1078 1490 nullomodo
1096 1443 1197 1514 repe·

145 1534 296 1604 tendum
314 1555 391 1604 esse
407 1533 584 1626 putabant
598 1557 607 1617 ;
625 1556 776 1626 quorum
794 1534 974 1605 sententia
990 1535 1161 1627 quoniam
1177 1559 1197 1607 a

145 1648 269 1744 regula
284 1648 437 1741 pietatis,
452 1672 532 1741 quae
545 1650 651 1719 111111
669 1650 706 1719 11
716 1647 828 1719 literis
845 1647 953 1732 lueet,
965 1649 1200 1723 vehementer

145 1765 368 1848 abhorrebat,
382 1763 554 1835 Ecclesiae
572 1787 720 1835 censura
737 1767 848 1836 veteri
860 1766 935 1858 jam
950 1766 1036 1836 olim
1050 1768 1198 1861 explosa

146 1890 211 1953 est.
262 1881 334 1952 Sed
351 1880 514 1953 diabolus
530 1905 594 1974 pro
611 1881 678 1953 hac
695 1882 882 1975 impietate
903 1880 1010 1952 aliam
1035 1883 1197 1977 subjecit,

145 1997 314 2068 nimirum
328 2006 371 2067 ut
389 1999 591 2088 omnesqui
609 1996 803 2068 solitariam
815 1998 925 2068 vitam
935 1998 1198 2090 profiterentur,

145 2121 208 2184 aut
242 2114 287 2184 ad
322 2112 491 2183 Ecclesia
530 2113 872 2184 administrationem
912 2127 1198 2209 aggregarentur,

145 2231 363 2301 matrimonii
386 2229 620 2300 contrahendi
638 2229 847 2300 facultatem
870 2230 907 2299 in
930 2253 1037 2303 omne
1055 2240 1198 2327 tempus

146 2347 364 2417 amitterent.
384 2345 489 2429 Quod
500 2368 624 2415 eorum
634 2345 795 2438 iniquum
806 2347 1197 2441 institutum,quoniam

146 2470 283 2557 pugnat
308 2485 390 2532 cum
420 2462 526 2532 sacris
551 2461 701 2553 scriptis,
727 2460 861 2533 aboleri
887 2463 1041 2555 penitus,
1069 2471 1108 2536 et
1134 2488 1197 2559 pro

147 2577 246 2648 nullo
265 2576 429 2648 volumus
446 2575 580 2646 haberi.

229 2744 307 2828 Oap.
326 2761 375 2806 21.
399 2744 449 2805 De
464 2744 605 2807 Romarm
621 2741 770 2822 Ecclesia,
786 2752 814 2807 et
822 2750 973 2827 potestate
987 2745 1125 2810 11111111

625 2846 795 2932 perdulcia.

199 2972 319 3043 Etiam
341 2969 481 3040 illorum
500 2969 635 3039 insbnia
654 2968 773 3063 legum
792 2969 941 3040 vinculis
958 2979 1013 3041 111
1029 2975 1200 3044 constrin-

147 3089 274 3185 genda,
292 3088 353 3179 qui
381 3085 578 3155 Romanam
604 3083 788 3155 ecclesiam
814 3087 849 3155 in
872 3084 1078 3177 hujusmodi
1101 3100 1200 3183 petra

149 3203 333 3273 fundatam
346 3222 421 3270 esse
439 3200 655 3280 existimant,
667 3209 709 3268 ut
727 3223 792 3270 nec
810 3200 988 3283 erraverit,
999 3225 1067 3273 nec
1085 3226 1199 3276 errare

149 3319 276 3411 possit;
290 3339 371 3386 cum
386 3324 424 3385 et
441 3313 546 3383 multi
559 3317 697 3406 possint
711 3316 787 3407 ejus
805 3339 939 3387 errores
956 3340 1002 3387 ex
1020 3321 1200 3413 superiore

149 3437 322 3526 majorum
350 3431 521 3501 memoria
550 3433 674 3523 repeti,
706 3442 743 3501 et
771 3432 879 3503 etiarn
909 3456 953 3503 ex
985 3433 1051 3504 hac
1082 3448 1201 3509 nostra

150 3551 306 3646 proferri,
341 3548 470 3642 partim
506 3549 542 3616 in
578 3547 632 3617 laia
666 3548 794 3640 quibus
830 3550 904 3620 vita
937 3560 1058 3622 nostra
1092 3553 1200 3627 debet

149 3667 341 3748 informari,
371 3664 499 3756 partim
528 3666 638 3734 etiam
668 3666 704 3734 in
736 3664 791 3735 his
819 3665 948 3756 quibus
978 3667 1065 3739 fides
1094 3670 1200 3742 debet

150 3784 299 3856 institui.
352 3781 577 3873 Quapropter
593 3778 735 3851 illorum
753 3782 863 3851 etiam
886 3783 1121 3857 intolerabilis
1146 3796 1199 3858 est

151 3924 256 3983 error,
269 3899 329 3992 qui
348 3897 457 3967 totius
471 3895 663 3967 Christiani
677 3897 770 3967 orbis
788 3898 988 3969 universam
1004 3899 1198 3973 Ecclesiam

150 4017 258 4089 solius
284 4013 439 4107 episcopi
464 4013 615 4082 Romani
640 4012 840 4105 principatu
862 4016 1037 4087 contineri
1064 4018 1197 4089 volunt.

152 4133 231 4204 Nos
254 4133 349 4203 enim
367 4153 446 4203 eam
464 4153 543 4222 quae
566 4130 661 4200 cerni
688 4138 805 4222 potest
823 4130 1019 4203 Ecclesiam
1044 4136 1095 4205 sic
1116 4135 1198 4206 defi·

538 4264 545 4304 ¹
561 4263 791 4338 praemitteretur.
