2692 4800
148 255 196 319 22
526 270 575 320 or:
592 269 813 321 nnunsmus.
1221 269 1242 320 c.

147 423 228 493 dem
257 429 411 492 nostram
441 422 486 492 de
513 431 685 514 perpetua
712 421 827 493 salute
852 445 917 515 per
941 421 1126 494 Christum
1151 422 1192 492 ad

147 558 211 607 nos
227 546 442 630 perventura
457 539 653 620 confirmat,
669 537 997 609 vehementissimus
1013 536 1195 609 charitatis

147 655 182 723 in
214 652 333 724 Deum
362 652 522 725 flammas
549 655 724 738 accendit,
752 654 962 725 mirabiliter
990 654 1035 725 ad
1064 653 1236 748 1111111ιι

146 769 301 864 agendas
317 773 521 854 exsuscitat,
534 770 577 842 ad
590 771 683 842 bona
699 793 764 841 nos
781 793 888 864 opera
900 769 1196 864 propinquissime

146 887 303 972 adducit,
322 897 359 957 et
376 911 397 958 a
415 888 569 980 peccatis
587 887 792 980 longissime
809 886 966 969 abducit,
985 886 1153 978 quoniam
1175 909 1197 956 a

148 1003 226 1074 Deo
244 1026 366 1074 sumus
383 1004 499 1087 electi,
517 1014 554 1074 11
572 1003 634 1074 filii
654 1004 730 1096 ejus
746 1004 916 1074 instituti.
967 1001 1060 1086 Quoe
1077 1003 1197 1096 singn-

146 1120 228 1191 11111
253 1128 291 1189 11
308 1121 440 1190 eximia
456 1121 613 1191 conditio
635 1142 810 1190 summam
837 1142 859 1190 a
884 1119 986 1191 nobis
1011 1118 1198 1191 salubrita-

146 1245 221 1306 tem
243 1257 394 1319 morum,
418 1245 455 1308 et
481 1234 816 1308 excellentissimam
843 1236 984 1306 virtutis
1008 1235 1194 1330 perfectio·

145 1376 230 1424 nem
259 1353 428 1445 requirit:
471 1353 625 1445 denique
655 1353 758 1424 uobis
791 1353 1028 1446 arrogantiam
1054 1352 1195 1434 minuit,

146 1493 192 1541 ne
211 1469 342 1540 viribus
367 1471 496 1540 nostris
520 1470 595 1564 geri
621 1470 819 1554 credamus,
844 1491 923 1560 quoe
944 1469 1105 1562 gratuita
1127 1467 1195 1539 Dei

145 1585 381 1657 beneficentia
397 1595 435 1656 et
458 1585 598 1655 infinita
620 1585 781 1656 bonitate
807 1583 1051 1678 indulgentur.
1104 1583 1198 1655 Prae-

146 1712 246 1774 teres
271 1703 450 1773 neminem
474 1725 521 1773 ex
546 1701 614 1772 hoc
640 1700 719 1772 loco
744 1702 993 1795 purgationem
1010 1722 1198 1773 censemus

146 1819 314 1890 vitiomm
331 1841 476 1890 snorum
494 1816 619 1888 afferre
637 1839 763 1910 posse;
797 1817 881 1910 quia
897 1816 998 1888 Deus
1016 1815 1108 1887 nihil
1125 1817 1199 1890 ulls

146 1935 183 2005 iu
209 1957 247 2005 re
272 1935 403 2027 injuste
428 1934 626 2016 constituit,
657 1956 725 2004 nec
750 1933 796 2004 ad
822 1943 969 2026 peccata
993 1931 1199 2007 voluntates

145 2060 284 2123 nostras
309 2075 466 2143 unquam
493 2051 623 2120 invitas
649 2051 772 2120 trudit.
822 2049 1051 2143 Quapropter
1076 2073 1199 2124 omnes

146 2169 249 2240 nobis
271 2167 486 2239 admonendi
511 2177 606 2250 sunt,
624 2177 666 2237 ut
688 2167 725 2236 11
743 2167 942 2238 actionibus
967 2167 1199 2261 suscipiendis

146 2284 192 2354 ad
210 2284 354 2355 decreta
371 2283 690 2375 predestinationis
707 2307 746 2353 se
767 2306 837 2353 non
856 2284 1022 2368 referant,
1041 2285 1104 2356 sed
1123 2287 1200 2356 uui·

148 2422 284 2470 versam
310 2400 393 2469 vitae
415 2421 487 2470 suae
514 2401 688 2469 rationem
713 2400 758 2469 ad
786 2398 856 2470 Dei
880 2398 976 2494 leges
1001 2422 1200 2472 accommo-

147 2515 260 2597 dent;
293 2538 375 2585 cum
394 2524 432 2585 et
451 2515 698 2608 promissiones
716 2516 826 2596 bonis,
845 2526 883 2585 et
900 2517 1014 2587 minas
1031 2517 1146 2600 malis,
1163 2518 1199 2587 in

148 2632 255 2703 sacris
266 2631 457 2724 Scripturis
469 2629 683 2725 generaliter
693 2633 890 2724 propositas
900 2632 1199 2725 contemplentur.

150 2745 334 2818 Debemus
352 2748 447 2816 enim
464 2747 508 2817 ad
528 2744 599 2817 Dei
617 2745 755 2817 cultum
775 2747 841 2816 viis
857 2746 927 2817 illis
944 2748 1091 2841 ingredi,
1110 2751 1200 2819 etin

149 2863 211 2934 illa
224 2863 294 2934 Dei
305 2863 491 2933 voluntate
508 2864 728 2944 commorari,
741 2884 848 2955 quam
861 2865 898 2932 11
916 2865 1023 2933 sacris
1040 2864 1201 2956 Scriptu-

149 2980 197 3051 ris
214 2981 427 3073 patefactam
447 3004 524 3052 esse
543 2979 714 3049 videmus.

594 3166 752 3254 Epilopos.

205 3291 330 3362 Posset
349 3314 476 3385 magna
492 3291 661 3363 colluvies
679 3290 826 3362 aliarum
845 3291 1019 3362 haeresum
1037 3316 1203 3364 accumu-

153 3395 229 3493 lari,
247 3408 308 3477 scd
327 3406 394 3477 hoc
413 3419 571 3500 tempore
590 3408 667 3479 illas
685 3407 866 3477 nominare
883 3406 997 3477 solum
1016 3408 1202 3491 voluimus

152 3549 230 3618 quae
248 3524 470 3617 potissimum
489 3524 585 3593 hisce
608 3524 736 3593 nostris
754 3523 974 3615 temporibus
996 3547 1060 3616 per
1077 3524 1204 3596 Eccle-

153 3643 241 3714 siam
259 3639 530 3723 diffunduntur3
553 3638 676 3709 fideles
702 3662 824 3710 omnes
850 3641 887 3709 in
910 3640 1053 3711 nornine
1071 3641 1142 3712 Dei
1168 3650 1204 3713 et

156 3758 300 3829 Domini
329 3758 440 3827 nostri
471 3756 558 3826 lesu
585 3755 718 3826 Christi
748 3756 980 3841 obtestantes,
1010 3766 1050 3827 11
1072 3759 1120 3829 ab
1150 3758 1203 3828 his

156 3875 378 3968 opinionibus
402 3872 696 3965 pestilentissimis
721 3895 758 3942 se
777 3871 979 3966 longissime
1002 3874 1202 3946 abducant:

156 4001 193 4062 et
217 3991 262 4061 ab
286 3990 357 4060 illis
381 3991 487 4060 etiam
514 3988 744 4058 vehementer
767 3990 1015 4060 contendimus
1038 3991 1099 4082 qui
1132 4014 1203 4062 rem

156 4108 335 4201 publicam
365 4114 404 4176 et
430 4104 624 4175 Ecclesium
651 4104 909 4184 administrant,
929 4115 970 4176 11
992 4106 1076 4177 istus
1100 4107 1204 4179 heere-

156 4249 212 4296 ses
237 4249 282 4295 ex
301 4246 409 4317 regno
437 4231 556 4291 nostro
578 4222 719 4313 penitus
745 4220 948 4292 evellendas
975 4233 1012 4295 et
1037 4225 1203 4297 radicitus

158 4341 384 4433 extirpandas
403 4343 590 4433 (quantum
611 4340 647 4407 in
667 4337 791 4426 11111)
810 4349 945 4409 curent.
