2692 4800
436 328 487 381 oa
511 327 869 381 rmomrrrorueue.
1106 304 1176 377 261

357 952 426 1024 DE
457 951 971 1027 PRAESCRIPTIONIBUS.

413 1167 490 1254 Gap.
507 1188 532 1232 1.
557 1167 759 1255 Proscriptio
773 1167 852 1253 qaid
862 1168 910 1233 sit.

192 1308 412 1401 Praeacriptio
433 1319 488 1380 est
504 1309 565 1401 jus
585 1309 761 1403 quoddam
785 1331 832 1379 ex
858 1317 1017 1401 tempore
1037 1330 1185 1402 congru-

143 1448 216 1510 ens,
240 1423 456 1496 authoritate
485 1423 604 1519 legum
630 1426 702 1495 vim
729 1426 879 1518 capiens,
904 1446 1045 1519 poenam
1075 1422 1186 1519 negli-

142 1542 307 1639 gentibus
334 1542 496 1625 inferens,
523 1551 562 1613 et
587 1542 695 1615 finem
723 1540 845 1613 litibus
871 1542 1064 1635 imponens,
1091 1541 1185 1636 quod

144 1682 215 1731 nou
236 1661 273 1730 iu
293 1667 410 1730 totum
427 1682 449 1730 a
464 1658 617 1730 naturali
632 1659 714 1751 jure
735 1658 880 1745 recedit,
896 1682 963 1730 nec
984 1658 1188 1753 peremnia

144 1776 175 1849 ei
197 1776 316 1848 servit.
367 1774 675 1860 Quemadmodum
703 1776 798 1845 euim
820 1785 946 1846 natura
970 1796 1110 1868 aequum
1132 1782 1188 1845 cst

144 1894 322 1965 neminem
351 1892 480 1963 debere
515 1891 720 1986 locupletari
750 1914 831 1962 cum
864 1892 1010 1965 alterius
1037 1893 1186 1984 jactura,

144 2012 195 2083 ita
223 2009 377 2081 naturali
406 2010 534 2081 rationi
563 2031 758 2103 congruum
785 2018 839 2081 est
864 2019 902 2081 et
927 2006 1188 2104 negligentibus

145 2148 283 2219 poeuem
301 2124 419 2195 inferri
437 2132 476 2195 ct
491 2124 599 2196 linem
617 2124 738 2197 litibus
755 2126 899 2218 imponi.

229 2338 307 2424 Gap.
318 2357 348 2403 2.
370 2338 571 2425 Proeamptio
586 2338 775 2404 &amaram
788 2339 824 2403 ia
837 2338 939 2404 aliero
949 2337 1106 2427 parochio.

193 2475 234 2547 Si
257 2496 329 2547 una
349 2474 498 2547 eeclesia
517 2474 671 2547 decimas
696 2477 733 2546 in
752 2474 897 2548 alterius
918 2476 1083 2571 parochia
1102 2499 1187 2569 qua·

146 2592 306 2688 draginta
330 2615 440 2664 anuos
469 2594 672 2686 possederit,
696 2592 858 2665 volumus
888 2593 1034 2688 dejure
1063 2592 1187 2665 melio·

146 2733 218 2781 rem
244 2708 482 2781 conditionem
511 2710 586 2781 lieri
615 2710 849 2804 possidentis:
883 2713 966 2803 quia
995 2712 1187 2807 quadrage-

146 2826 233 2900 nelis
250 2826 463 2921 proscriptio
480 2848 622 2898 omnem
639 2849 778 2920 prorsus
793 2829 969 2901 actionem
986 2827 1154 2900 excludit.

222 3034 300 3120 (lap.
312 3054 343 3120 3.
374 3033 475 3099 Male
479 3034 560 3118 fidei
567 3056 715 3121 pomesaor
721 3033 923 3120 prescribere
936 3056 996 3101 coa
1003 3044 1109 3123 pateat.

194 3172 308 3245 Nulla
340 3174 486 3266 antiqua
522 3175 657 3245 dierum
695 3176 864 3268 possessio
896 3176 1001 3267 juvat
1034 3174 1187 3269 aliquem

145 3289 245 3363 malas
274 3290 356 3361 lidei
386 3296 650 3384 possessorem¹,
679 3293 745 3363 nisi
779 3293 972 3386 resipuerit,
1002 3302 1189 3386 postquam

145 3404 201 3477 se²
227 3403 342 3477 aliena
372 3406 510 3475 noverit
539 3407 725 3499 possidere,
755 3430 838 3479 cum
869 3407 968 3480 bouoe
997 3410 1079 3482 lidei
1108 3432 1188 3504 pos-

145 3518 277 3593 sessor³
309 3519 378 3591 dici
413 3544 484 3591 nou
519 3520 655 3615 possit⁴.
707 3522 959 3619 Derogundum
992 3526 1087 3598 enim
1121 3527 1190 3597 erit

146 3638 243 3709 omni
269 3637 513 3709 constitutioni
539 3647 647 3731 atque
673 3642 929 3726 consuetudini,
953 3666 1033 3735 quae
1058 3642 1189 3736 absque

145 3755 287 3828 mortali
312 3765 459 3850 peccato
484 3779 555 3828 non
578 3766 696 3849 potest
716 3758 901 3829 observari.
953 3758 1107 3851 Oportet
1125 3758 1190 3853 igi-

146 3884 205 3945 tur
231 3896 325 3956 eum,
342 3873 401 3966 qui
430 3873 630 3965 prescribit,
648 3884 690 3945 ut
714 3874 750 3944 in
774 3874 872 3945 nulla
897 3874 1065 3969 temporis
1091 3886 1189 3969 parte

146 3990 196 4061 rei
222 3988 350 4061 habeat
376 3989 626 4061 conscientiam
652 3990 784 4076 alieuae,
803 3992 917 4085 sitque
941 3991 977 4062 in
1003 3991 1095 4063 bona
1120 3992 1189 4064 lide
1204 4020 1265 4086 124

148 4106 370 4189 constitutus,
396 4106 471 4178 sine
501 4130 570 4200 qua
598 4106 695 4178 nulla
721 4109 815 4180 valet
839 4109 1052 4202 prescriptio
1079 4108 1190 4180 eccle·

148 4223 296 4296 siastica.

231 4360 449 4437 ¹prol'esaorem.
546 4359 604 4420 ²si.
707 4361 884 4438 ⁸prol‘cssor.
980 4362 1107 4441 ‘potest
