2692 4800
149 272 221 338 220
360 284 734 336 unicornuorum
760 285 958 338 ramnum.
1198 266 1257 339 ot

147 463 189 510 eo
212 446 404 510 contumax
427 438 638 521 censebitur,
656 447 694 509 et
716 438 1097 511 excommunicationis
1119 462 1187 532 poe·

146 579 226 637 tram
255 554 452 638 sustinebit,
470 557 499 626 si
524 555 638 647 major
661 557 708 626 sit
732 556 1002 648 quatuordecim
1029 558 1131 627 annis
1153 567 1187 627 et

145 682 267 745 mente
284 674 435 766 integra.

483 783 560 869 (lap.
571 803 602 867 9.
624 784 745 866 Dofide
758 783 844 849 heta.

196 922 451 993 Firmissimum
495 932 549 994 est
584 922 764 993 vinculum
806 921 972 993 lrumanae
1015 925 1192 996 societatis

146 1038 255 1122 fides;
282 1046 496 1131 quapropter
512 1039 547 1107 in
566 1061 608 1108 ea
624 1037 855 1109 custodienda
872 1037 1011 1132 legibus
1036 1039 1193 1110 homines

147 1154 338 1246 constringi
357 1153 498 1225 debent.
536 1152 663 1245 Itaque
681 1154 709 1223 si
728 1151 843 1245 pacta¹
861 1153 917 1223 vel
935 1155 1112 1246 promissa
1127 1178 1193 1226 non

147 1271 340 1342 consistant
363 1290 428 1338 nce
454 1266 679 1360 impleantur,
696 1269 732 1337 iu
758 1290 839 1359 quae
859 1266 917 1336 vel
942 1269 1116 1361 ejuratis
1141 1268 1193 1340 val

147 1410 219 1456 non
230 1385 359 1478 juratis
379 1406 588 1454 consensum
607 1393 661 1454 est
680 1382 734 1453 vel
753 1384 844 1453 serio
862 1392 1004 1455 tantum
1023 1385 1195 1457 affirman-

147 1503 252 1584 tibus,
283 1500 361 1571 illos
391 1501 451 1591 qui
485 1500 593 1569 fidem
627 1499 828 1592 hujusmodi
862 1522 962 1570 suam
993 1501 1194 1587 fefellerint,

147 1619 299 1711 primum
330 1615 520 1686 arbitrariis
549 1617 661 1706 poenis
691 1638 712 1685 a
734 1614 916 1707 judicibus
949 1616 1195 1689 ecclesiasticis

147 1735 238 1806 affici
271 1731 455 1814 volumus3
496 1731 623 1801 deinde
654 1739 835 1824 cogantur,
866 1739 908 1801 ut
939 1731 1011 1803 illis
1042 1736 1195 1825 personis

147 1851 252 1944 plene
269 1847 496 1928 satisfaciant,
509 1870 587 1938 quae
605 1856 689 1916 sunt
706 1845 847 1915 illorum
865 1846 1015 1938 perfidia
1028 1849 1193 1942 decepta.

149 2059 226 2145 (lap.
240 2079 288 2123 10.
305 2059 503 2144 Exceptiones
516 2058 550 2122 ia
557 2059 696 2144 panarii
709 2058 822 2141 otfidei
836 2058 920 2122 loeaoe
935 2058 1036 2144 culpis
1045 2081 1118 2146 qaoe
1127 2061 1194 2126 siat

209 2195 348 2267 Verum
382 2197 579 2288 superiores
615 2196 673 2268 bae
715 2198 812 2290 leges
846 2197 934 2267 duas
968 2197 1194 2290 exceptiones

148 2312 278 2383 habere
301 2312 442 2382 debent.
493 2310 621 2383 Altera
642 2321 707 2396 est,
725 2312 804 2382 illos
829 2335 899 2382 non
925 2313 1058 2383 debere
1083 2315 1195 2408 perju-

148 2450 205 2498 ros
222 2427 344 2507 videri,
362 2450 429 2498 neo
446 2428 527 2498 fidei
554 2427 700 2511 laesores,
719 2429 779 2520 qui
805 2451 886 2498 cum
913 2429 1035 2498 omnia
1060 2451 1195 2500 summa

149 2545 309 2628 fecerint,
335 2553 376 2614 ut
395 2545 638 2635 juramentum
665 2554 702 2614 et
728 2544 835 2615 fidem
861 2555 1052 2626 servarent,
1079 2554 1248 2623 tameu105

149 2661 268 2752 aliqua
290 2671 372 2731 sunt
395 2661 596 2753 hujusmodi
614 2661 751 2731 ratione
768 2661 941 2752 impediti,
959 2684 1068 2751 quam
1087 2664 1195 2734 vitare

150 2801 220 2846 non
238 2786 413 2870 poterant.
461 2777 542 2848 Istis
560 2779 652 2847 enim
673 2777 757 2848 satis
775 2778 842 2847 erit
853 2777 1033 2869 judicibus
1051 2778 1196 2870 probare

150 2917 248 2964 suam
277 2893 497 2963 voluntatem
524 2902 562 2963 et
588 2916 731 2985 operam
758 2894 913 2963 secundo
939 2893 1029 2978 loco,
1054 2917 1121 2964 nec
1147 2893 1194 2964 illi

150 3021 233 3081 sunt
250 3011 331 3080 fidei
350 3009 491 3080 laesores
514 3019 576 3080 aut
598 3012 727 3102 perjuri
753 3010 930 3093 censendi,
949 3011 1078 3101 quibus
1105 3013 1196 3081 exci-

151 3130 279 3218 derunt
305 3127 422 3197 subito
440 3149 505 3196 uec
523 3127 762 3221 cogitantibus
784 3127 1095 3219 necopinantibus
1121 3151 1196 3220 pro-

150 3246 256 3315 missa
281 3265 397 3313 rerum
420 3243 630 3334 iniquarum,
649 3243 924 3325 inhonestarum,
942 3252 1004 3312 aut
1022 3266 1104 3334 quae
1122 3243 1194 3313 fieri

150 3383 221 3429 non
247 3357 409 3452 possint¹,
437 3358 491 3429 vel
517 3360 545 3428 si
570 3359 723 3450 primum
755 3366 853 3428 recta
882 3359 1023 3441 iruerint,
1053 3366 1091 3428 et
1122 3381 1195 3451 pro·

150 3497 271 3570 gressu
300 3476 469 3566 temporis
496 3475 531 3542 in
562 3473 653 3543 hanc
679 3474 934 3544 absurditatem
963 3474 1195 3566 degenerave-

151 3593 232 3661 rint.
286 3589 366 3661 Hcc
390 3600 510 3661 tamen
537 3591 652 3681 posito
679 3599 716 3659 et
733 3598 883 3670 retento,
902 3590 995 3680 quod
1015 3588 1138 3659 voleus
1161 3597 1195 3659 et

151 3708 263 3777 sciens
289 3709 446 3798 quirem
472 3706 707 3788 inhonestam,
733 3707 912 3797 injustam,
934 3712 996 3775 aut
1018 3728 1096 3795 quae
1122 3705 1193 3775 fieri

149 3846 219 3891 non
247 3822 366 3913 possit,
388 3822 563 3913 juraverit
592 3838 655 3891 aut
680 3821 891 3913 promiserit,
919 3818 1020 3888 illum
1053 3820 1193 3910 quidem

147 3938 213 4008 hoc
239 3938 387 4008 crimine
409 3961 479 4007 ncn
506 3938 627 4019 teneri,
646 3938 674 4007 si
693 3938 813 4027 jurate
836 3959 905 4005 non
930 3943 1101 4027 praestet3
1136 3932 1191 4003 sed

146 4062 267 4122 tamen
304 4051 541 4121 ecclesiastico
578 4050 690 4141 judici
724 4050 839 4140 justas
874 4049 1088 4118 temeritatis
1123 4069 1191 4117 suae

149 4191 269 4259 poenas
287 4169 453 4238 daturum
472 4189 556 4236 esse.

397 4314 403 4351 ¹
421 4316 508 4380 parta.
799 4301 811 4336 ²
825 4313 951 4379 possunt.
