2692 4800
449 299 610 356 TABULA
629 297 879 355 TITULORUM.
1113 317 1192 356 xxxv

497 594 549 649 DE
567 591 845 649 SACRAMENTIS.

165 734 192 773 1.
214 715 292 786 Quid
306 717 344 773 sit
359 717 573 774 Sacramentum
586 761 1100 778 ..........................
1111 738 1139 794 p.
1155 736 1192 794 29

165 832 193 870 2.
214 813 292 883 Quid
306 815 336 870 in
351 812 538 872 Sacramento
552 815 734 890 quarendum
749 814 787 871 sit
809 859 1119 875 ................
1152 834 1191 891 30

163 928 194 985 3.
215 911 293 981 Quid
308 911 345 969 sit
359 911 523 987 Baptismus
527 956 1123 972 ..............................
1155 913 1192 972 ib.

162 1025 194 1079 4„
216 1006 294 1076 Quid
308 1006 345 1064 sit
359 1007 547 1073 Eucharistia,
562 1027 634 1083 quos
647 1008 756 1065 tructus
769 1008 872 1066 habeat
892 1055 999 1069 ......
1006 1000 1015 1015 ’
1014 1055 1121 1070 ......
1153 1028 1188 1086 31

165 1120 194 1178 5.
217 1102 275 1172 Qui
288 1104 346 1161 sint
359 1104 529 1162 admittendi
542 1105 579 1161 ad
592 1124 719 1162 menmm
729 1105 845 1161 Domini
849 1151 1120 1167 ..............
1151 1124 1190 1182 32

163 1199 194 1256 6.
216 1199 429 1275 Impositiouem
444 1220 578 1258 mannum
593 1221 656 1258 esse
670 1202 846 1259 retinendam
850 1247 1117 1263 ..............
1152 1204 1190 1263 ib.

165 1312 194 1370 7.
217 1296 341 1373 Nuptias
354 1297 519 1355 solemniter
532 1298 714 1356 celebrandas
728 1317 790 1356 esse
810 1343 1121 1361 ................
1153 1301 1191 1358 ib.

163 1391 194 1450 8.
216 1393 281 1463 Quo
295 1403 423 1471 tempore
438 1395 625 1453 Confirmatio
639 1415 702 1453 esse
716 1396 818 1454 debeat
849 1442 1116 1456 ..............
1150 1399 1190 1458 ib.

163 1508 194 1564 9.
217 1490 352 1550 Pastorcs
365 1493 480 1552 visitare
494 1493 599 1552 debent
613 1494 732 1551 afflictos
766 1539 1118 1554 ..................
1151 1513 1167 1569 3
1171 1513 1187 1570 3

147 1605 195 1645 to.
217 1589 370 1658 Quomodo
384 1592 421 1648 sit
434 1592 463 1648 in
477 1591 522 1647 his
535 1591 746 1666 procedendum
768 1636 1120 1652 ..................
1152 1593 1189 1651 ib.

144 1829 198 1884 DE
219 1829 482 1888 lDOLOLA'l'RIA
504 1833 551 1887 ΕΤ
568 1833 669 1888 ALIIS
693 1832 924 1889 HUJUSMODI
948 1831 1190 1888 CRlMINlBUS.

165 1971 194 2010 1.
216 1954 289 2023 Quae
303 1957 373 2013 vitia
386 1956 501 2014 vitanda
514 1957 571 2013 siat
585 1957 614 2013 iu
629 1956 757 2014 Ecclesia
765 2000 1118 2015 ..................
1150 1973 1189 2030 33

162 2067 192 2105 2.
214 2049 293 2118 Quid
306 2049 447 2107 idolorum
461 2051 553 2108 cultus
567 2051 604 2107 sit
646 2096 1119 2111 ........................
1151 2052 1191 2109 ib.

163 2165 192 2221 3.
215 2147 294 2216 Quid
306 2147 403 2224 magia
416 2148 454 2205 sit
481 2193 1119 2209 ................................
1152 2167 1192 2223 34

161 2262 192 2318 4
215 2244 294 2314 Quid
307 2245 444 2303 divinatio
458 2247 496 2303 sit
520 2291 1118 2308 ..............................
1149 2248 1189 2305 ib.

162 2354 193 2418 5.
217 2341 296 2411 Quid
309 2343 486 2420 sortilegium
500 2344 537 2401 sit
565 2389 1120 2406 ............................
1151 2347 1190 2404 ib.

161 2440 191 2496 6.
214 2438 293 2508 Quid
305 2441 469 2517 superstitio
483 2441 520 2499 sit
524 2486 1121 2502 ..............................
1152 2444 1190 2501 ib.

163 2555 193 2610 7.
215 2538 341 2596 Pastoris
355 2540 384 2596 in
398 2540 443 2597 his
457 2540 620 2598 criminibus
634 2540 757 2598 officium
766 2585 1120 2602 ..................
1152 2543 1190 2601 ib.

163 2636 191 2693 8.
213 2636 271 2705 Qm'
285 2647 401 2714 propter
414 2639 475 2695 haec
490 2639 608 2696 crimim
621 2638 756 2714 puniendi
771 2640 828 2696 sint
848 2683 1118 2698 ··············
1152 2657 1189 2715 35
1272 2635 1276 2642 ’

161 2752 191 2808 9.
211 2735 355 2794 Damnum
369 2736 414 2794 his
426 2736 534 2794 artibus
548 2737 646 2795 dutum
661 2755 724 2794 esse
738 2739 979 2813 compensandum
1011 2782 1117 2798 ......
1149 2738 1189 2795 ib.

442 2977 494 3032 DE
513 2975 893 3033 CONCIONA'I'ORIBUS.

167 3112 190 3150 1.
214 3094 408 3153 Concionandi
422 3115 525 3154 munus
539 3096 621 3171 quale
635 3095 681 3162 sit,
696 3105 725 3153 et
740 3097 882 3173 quomodo
897 3097 1000 3172 suscipi
1015 3097 1126 3156 debeat.
1151 3117 1167 3174 3
1171 3115 1188 3177 5

164 3209 192 3248 2.
216 3191 471 3250 concionatoribus
485 3211 595 3251 errores
609 3211 670 3250 esse
685 3194 835 3258 cavendos,
847 3202 877 3251 ct
890 3212 1017 3251 errorum
1031 3194 1128 3252 libros.
1151 3197 1191 3270 36

162 3306 190 3362 3.
214 3288 455 3348 Concionatorum
470 3309 563 3348 mores
578 3299 607 3348 et
621 3291 756 3349 doctrina
771 3292 867 3366 quales
881 3310 943 3350 esse
957 3291 1081 3350 debeant
1095 3339 1120 3352 ..
1152 3293 1190 3351 ib.

162 3405 191 3458 4.
213 3386 260 3443 Ad
274 3405 345 3462 qnos
359 3387 471 3462 proprie
484 3387 671 3444 concionandi
684 3406 787 3444 munus
802 3388 941 3463 pertineat
968 3434 1117 3450 ........
1150 3406 1187 3465 37

162 3499 191 3560 ς.
212 3485 256 3542 De
270 3485 460 3542 convocandis
472 3504 524 3561 per
537 3485 702 3560 episcopum
716 3485 964 3544 concionatoribus
968 3533 1116 3547 ........
1148 3488 1187 3547 ib.

161 3583 190 3638 6.
213 3582 257 3639 De
270 3582 315 3638 his
330 3582 377 3658 qui
391 3583 528 3641 interesse
542 3584 648 3641 debeat
658 3583 841 3641 concionibus
846 3629 1117 3645 ..............
1149 3586 1189 3657 38

162 3695 189 3752 7.
213 3678 290 3748 Quid
303 3679 339 3737 de
353 3679 398 3736 his
412 3681 594 3739 statuendum
609 3680 646 3736 sit
660 3680 707 3755 qai
721 3680 749 3736 in
765 3681 902 3739 concione
916 3681 1085 3757 obstrepunt
1092 3690 1115 3741 .·.
1150 3684 1189 3742 ib.

497 3922 549 3977 nn
568 3920 831 4001 nanmuouto.

164 4061 189 4098 1.
210 4042 426 4100 Matrimonium
443 4044 511 4118 quid
524 4046 561 4101 sit
600 4090 1115 4105 ..........................
1148 4062 1187 4122 39

163 4155 188 4194 2.
211 4137 428 4197 Matrimonium
443 4142 586 4216 quomodo
600 4143 783 4200 contrahatur
803 4189 828 4201 ..
844 4188 869 4202 ..
885 4188 910 4201 ..
926 4188 931 4201 .
945 4188 951 4200 .
967 4188 1030 4200 ....
1048 4187 1074 4200 ..
1089 4186 1114 4201 ..
1147 4141 1185 4199 ib.

161 4252 189 4309 ³·
212 4235 401 4312 Corruptores
415 4239 564 4296 mulierum
578 4241 721 4315 quomodo
736 4240 870 4316 puniendi
885 4282 1114 4299 ............
1145 4257 1186 4312 40

160 4349 190 4405 4.
211 4332 429 4393 Matrimonium
443 4336 504 4394 sine
519 4355 659 4396 consensu
673 4346 823 4412 pareutum
836 4355 895 4394 non
908 4336 1003 4395 valere
1007 4379 1115 4395 ......
1145 4354 1182 4411 41

638 4456 656 4495 c
668 4435 689 4494 2
