2692 4800
153 240 226 311 216
522 258 571 308 nu
595 258 825 310 sumnum
1216 260 1242 312 c.
1252 262 1274 311 ι·

151 410 214 482 sed
238 409 366 503 petitio
383 409 559 482 duntaxat
581 410 734 504 simplex
751 412 787 481 iu
804 413 894 482 actis
912 412 1071 493 redacta,
1088 414 1200 505 roqui-

151 533 260 609 ratur,
286 525 484 606 statuimus,
505 526 600 617 quod
625 547 691 595 uec
716 525 790 595 litis
815 525 1031 596 contestatio
1054 525 1093 595 in
1117 548 1200 619 pre·

150 639 232 709 fatis
257 640 371 711 causis
392 641 622 733 quovismodo
648 641 824 735 exigatur,
840 642 904 711 sed
929 641 1067 734 absque
1091 662 1136 713 ea
1157 641 1199 713 ad

150 755 257 825 linem
276 777 388 848 usque
404 779 588 826 causarum
606 758 750 828 omnino
766 757 990 850 procedatur.
1023 756 1201 830 Volumus

148 881 282 957 autem,
300 873 395 964 quod
422 873 554 965 primus
576 884 686 957 actus,
704 874 765 965 qui
790 883 872 966 post
896 872 999 944 litem
1026 882 1202 946 contenta-

149 998 224 1059 tam
241 988 316 1058 fieri
335 988 437 1070 solet,
452 988 509 1080 (ut
526 990 673 1060 testium
691 990 847 1081 receptio
864 998 903 1059 et
920 989 955 1059 id
973 1011 1091 1084 genus
1106 988 1201 1081 alie)

148 1105 376 1197 exceptiones
400 1103 591 1185 dilatorias,
610 1128 696 1197 quas
720 1105 796 1198 ipsa
812 1104 885 1175 litis
904 1106 1121 1178 contestatio
1141 1126 1200 1177 ex·

149 1220 292 1291 cludere
318 1219 465 1302 solebat,
492 1222 634 1314 penitus
659 1221 839 1303 excludat,
863 1223 1009 1314 vimque
1033 1231 1075 1293 et
1099 1220 1200 1293 effec-

148 1348 227 1407 tum
245 1338 354 1430 ipsius
375 1336 447 1406 litis
472 1337 740 1407 contestationis
757 1337 865 1407 etiam
884 1338 920 1407 in
938 1338 1071 1408 ceteris
1088 1337 1199 1409 omui·

149 1452 215 1522 bus
232 1452 363 1523 habeat
380 1461 419 1521 et
435 1452 606 1522 obtineat.

526 1723 822 1734 -ι-ιῌ-

259 1931 328 2002 DE
353 1930 690 2003 JURAMENTIS
717 1931 779 2003 ΕΤ
806 1930 1091 2009 PERJURIIS.
1202 1950 1244 2015 ¹03

348 2126 426 2211 Oap.
443 2147 472 2190 1.
494 2128 544 2192 De
557 2127 732 2210 differentia
738 2126 998 2212 jurumeotcmm.

197 2264 508 2348 Quemadmodum
529 2267 743 2357 juramenta
769 2289 852 2358 quae
878 2266 923 2337 ad
949 2266 1021 2336 Dei
1048 2267 1194 2360 gloriam

147 2381 202 2452 vel
220 2382 264 2452 ad
282 2383 431 2453 fratrum
449 2382 643 2453 utilitatem
660 2382 793 2476 aliquid
810 2381 972 2466 afferunt,
987 2381 1195 2455 Christianis

145 2520 310 2568 concessa
333 2508 416 2569 sunt
433 2500 554 2587 (modo
575 2500 811 2593 suscipiantur
830 2499 868 2569 in
884 2499 1032 2591 judicio,
1044 2501 1194 2593 justitia,

146 2626 182 2685 et
201 2614 364 2701 veritate)
384 2617 433 2685 sic
459 2614 520 2685 ills
539 2615 682 2708 jurandi
710 2615 835 2685 levitas
856 2639 902 2685 ex
923 2616 1050 2685 animis
1068 2625 1107 2688 et
1128 2640 1196 2688 ser·

144 2732 309 2801 monibus
333 2732 460 2801 nostris
482 2732 709 2801 exterminari
728 2730 846 2813 debet,
864 2754 945 2822 quae
966 2731 1196 2804 familiaribus

145 2856 183 2918 et
200 2848 413 2938 quotidianis
429 2848 465 2915 iu
483 2845 667 2938 colloquiis
686 2847 813 2916 nostris
831 2845 966 2918 volitat.
1020 2847 1196 2920 Posterio-

144 2964 240 3034 ribus
258 2966 352 3033 enim
371 2964 448 3032 istis
468 2961 536 3031 Dei
555 2963 753 3032 reverentia
770 2962 951 3043 minuitur,
970 2965 1062 3034 etin
1081 2967 1197 3058 perju-

144 3083 196 3150 ria
223 3080 326 3150 facile
357 3081 559 3150 incurritur.
623 3077 744 3161 Quare
775 3079 834 3168 qui
866 3101 1028 3171 perverse
1051 3082 1194 3173 jurandi

145 3196 402 3267 cousuetudine
432 3197 664 3265 contaminati
695 3204 788 3274 sunt,
819 3203 857 3264 et
887 3193 1048 3265 monitis'
1082 3197 1128 3267 ab
1154 3220 1196 3267 ea

145 3312 330 3382 absterreri
361 3334 432 3381 non
456 3320 614 3404 possunt,
641 3309 720 3381 illos
747 3311 928 3402 (quoniam
947 3310 1016 3381 Dei
1043 3313 1196 3384 nominis

146 3437 408 3520 contemptores
438 3434 521 3496 sunt
547 3437 585 3496 et
610 3426 808 3495 divinarum
835 3427 966 3512 rerum)
987 3429 1088 3520 justo
1116 3451 1195 3522 aup-

145 3544 250 3636 plicio
268 3543 419 3613 coerceri
439 3551 590 3635 oportet.

333 3755 409 3839 Cep.
424 3774 452 3820 2.
479 3755 527 3817 Dc
539 3776 630 3840 poenc
646 3754 805 3818 temerarii
810 3754 993 3838 juramenti.

195 3892 266 3976 Qui
285 3904 420 3963 temere
430 3894 612 3985 jurantem
631 3893 781 3962 audierit
799 3903 861 3963 aut
879 3894 953 3964 sine
973 3895 1073 3985 justa
1090 3918 1192 3966 causa

145 4033 392 4100 quamcunque
424 4031 619 4100 personam,
654 4010 773 4078 statim
810 4033 886 4079 earu
922 4011 1122 4091 admoueat,
1154 4023 1190 4080 ut

146 4126 331 4196 duodecim
364 4125 523 4195 denarios
556 4125 718 4217 proximo
746 4125 804 4195 die
831 4126 1009 4196 dominico
1035 4129 1189 4198 conferat

601 4261 609 4305 ¹
627 4264 738 4320 moniti.
