2692 4800
495 302 700 360 aosuuoua
725 302 852 353 orons.
1120 291 1191 355 255

148 456 301 538 videtur,
318 464 357 526 et
374 454 603 548 recordatur),
622 466 740 528 tamen
767 456 932 528 nolumus
949 456 1056 527 fidem
1074 456 1194 550 hujus·

146 569 244 641 modi
262 552 414 641 testibus
440 569 608 655 adhiberi,
625 573 654 643 si
671 573 737 666 ipsi
755 572 801 643 de
822 581 948 643 natura
972 570 1098 642 horum
1117 595 1194 643 ver-

145 687 273 759 borum
302 709 325 757 a
347 685 528 778 jndicibus
557 688 685 758 nostris
713 688 884 758 admoniti
915 686 1024 780 (quod
1055 710 1194 781 semper

145 804 222 875 ficri
249 801 438 894 volumus),
460 824 615 896 congrua
640 826 711 873 non
736 803 954 874 reddiderint
979 804 1192 876 testimonia.

146 917 191 989 In
208 917 348 989 casibus
370 925 492 988 tamen
514 915 594 1001 illis,
612 918 648 987 in
666 919 794 1009 quibus
810 927 948 989 ueteres
968 916 1065 1012 leges
1086 919 1192 990 fidam

145 1033 349 1127 hujusmodi
375 1033 587 1103 testimoniis
612 1033 770 1104 adhiberi
789 1033 987 1116 voluerunt,
1012 1035 1105 1105 idem
1132 1035 1194 1106 ob-

145 1149 356 1222 servandum
375 1142 466 1217 esse¹
485 1146 661 1216 duximus.

264 1358 343 1445 (lap.
354 1377 407 1444 43.
430 1357 479 1422 Do
492 1355 613 1422 andus
626 1357 810 1422 acuminatis
825 1378 927 1422 coram
942 1355 1078 1423 arbitris.

194 1496 362 1569 'festibus
387 1496 599 1567 examinatis
628 1517 746 1566 coram
777 1495 916 1566 arbitris
947 1519 1016 1565 non
1051 1504 1194 1566 tenetur

146 1615 226 1709 quis
251 1623 345 1685 staro
370 1636 486 1684 coram
506 1613 639 1706 judice,
657 1613 685 1684 si
704 1614 839 1696 vivunt,
857 1613 918 1683 sed
936 1621 1054 1706 potest
1070 1622 1193 1706 petere

146 1753 207 1803 cos
232 1731 363 1801 iterum
388 1730 590 1812 examinari,
615 1730 643 1799 si
662 1728 771 1811 velit;
802 1729 864 1799 sed
890 1729 918 1799 si
944 1738 1027 1799 sunt
1051 1731 1192 1811 mortui,

147 1869 219 1917 uon
236 1847 428 1939 requiritur
444 1845 590 1916 ulterior
606 1844 832 1927 examinatio,
850 1844 912 1914 sed
936 1845 1101 1914 standum
1124 1846 1193 1916 erit

148 1963 209 2046 cis,
223 1962 315 2032 sicut
333 1963 360 2032 si
375 1983 492 2032 coram
503 1961 626 2051 judice
639 1959 787 2030 fuissent
800 1959 945 2052 recepti,
958 1959 1054 2030 salvo
1072 1968 1193 2029 tamen

142 2079 225 2170 jure
241 2077 431 2171 objiciendi
450 2085 573 2147 contra
589 2097 754 2168 personas
770 2083 808 2145 et
825 2075 930 2147 dicta.

220 2289 297 2374 Gap.
308 2307 360 2368 44
391 2285 543 2358 Quomodo
549 2286 649 2370 jedes
663 2285 701 2349 de
714 2284 818 2350 multis
831 2284 953 2350 testibus
959 2284 1124 2370 judicabit.
1205 2299 1261 2347 121

197 2424 236 2496 Si
267 2431 377 2494 testes
404 2444 526 2492 omnes
551 2421 708 2513 ejusdcm
732 2422 926 2493 honestatis
951 2431 989 2492 et
1015 2423 1194 2494 existima·

148 2541 255 2612 tionis
288 2547 383 2623 sunt,
416 2546 453 2607 ct
487 2537 621 2629 negotii
661 2536 811 2627 qualitas
848 2561 889 2608 ac
920 2539 1052 2630 judicis
1084 2540 1193 2610 etiam

147 2665 268 2727 motus
293 2678 376 2725 cum
401 2655 442 2724 iis
466 2660 660 2734 concurrat,
678 2654 857 2743 sequenda
879 2665 962 2725 sunt
984 2656 1104 2726 omnia
1125 2664 1195 2726 tes-

148 2772 308 2843 timonia.
360 2770 397 2841 Si
428 2791 509 2839 vcro
535 2791 580 2838 ex
607 2767 661 2838 his
687 2768 829 2860 quidam
856 2769 996 2840 illorum
1022 2770 1118 2842 aliud
1145 2772 1197 2841 di·

147 2889 278 2970 xerint,
308 2886 394 2958 licet
427 2886 550 2979 impari
582 2906 741 2966 numero,
772 2885 987 2954 credendum
1018 2887 1196 2979 estquod

148 3012 283 3075 naturae
323 3003 456 3097 negotii
491 3001 667 3083 convenit,
702 3011 740 3070 et
781 3000 875 3092 quod
910 3001 1101 3071 inimicitiae
1133 3012 1196 3073 aut

146 3120 270 3215 gratioe
296 3119 493 3211 suspicione
516 3125 645 3200 careat,
671 3116 962 3207 confirmabitque
982 3116 1096 3208 judex
1121 3141 1197 3188 rno-

147 3246 227 3306 tum
255 3234 366 3304 animi
395 3233 449 3303 sui
479 3255 524 3303 ex
556 3232 774 3325 argumentis
804 3242 842 3302 et
868 3232 1089 3316 testimoniis,
1115 3256 1196 3325 quae

147 3360 187 3423 et
213 3352 264 3421 rei
290 3349 427 3442 aptiora
452 3356 490 3418 et
517 3370 600 3418 vero
625 3347 840 3440 proximiora
865 3369 940 3418 esse
965 3351 1196 3442 compererit;

146 3489 264 3561 neque
293 3465 387 3535 enim
418 3463 464 3534 ad
498 3461 766 3533 multitudinem
797 3464 921 3556 respici
952 3472 1103 3555 oportet,
1134 3466 1195 3537 sed

146 3584 193 3654 ad
226 3583 397 3653 sinceram
438 3579 723 3650 testimoniorum
757 3578 875 3660 fidem,
911 3588 948 3649 et
983 3581 1195 3664 testimonia,

145 3700 276 3792 quibus
295 3698 413 3790 potius
430 3694 493 3764 lux
511 3695 668 3764 veritatis
686 3696 847 3766 assistit¹.

277 3903 354 3988 Gap·
366 3919 419 3989 45.
450 3901 591 3966 Variotio
610 3901 729 3966 eonium
743 3901 867 3985 quondo
880 3922 939 3965 non
953 3909 1068 3966 nocant.

196 4050 237 4122 Si
273 4057 383 4120 testes
417 4051 453 4118 in
489 4049 763 4120 circumstantiis
799 4073 869 4120 non
904 4050 1105 4119 necessariis
1139 4048 1197 4129 (ad

145 4190 233 4262 quas
260 4163 438 4257 simplices
466 4164 628 4235 homines
655 4188 725 4234 non
756 4165 872 4237 solent
901 4187 1115 4259 magnopere
1145 4188 1199 4235 re-

355 4300 362 4338 ¹
379 4324 441 4363 esse
455 4325 505 4363 orn.
851 4299 864 4338 ²
878 4304 995 4362 asciscit.
