2692 4800
493 317 541 370 nn
566 319 832 373 ortanornaus.
1120 305 1192 377 275

188 564 268 655 (inp.
279 568 311 631 6.
336 565 619 654 Sijoden'lomporo
625 564 816 652 probotioni¹
828 567 1073 652 proeomptoyta
1090 587 1151 630 non

310 667 404 747 dicat,
413 689 495 755 porr
506 669 553 735 od
564 678 679 755 tenpus
692 669 837 735 uminum
851 668 1032 734 restituetur.

197 814 237 889 si
261 823 383 887 tamen
406 836 477 884 non
501 821 572 885 stat
593 836 657 908 per
679 822 828 906 portem,
846 836 917 906 quo
940 816 1057 884 minus
1079 816 1194 885 facere

144 930 257 1025 possit
277 952 359 1002 suaa
380 929 605 1024 probationes
629 931 665 1000 in
683 929 851 1001 dilatione
873 931 907 1001 ei
930 931 1022 1012 data,
1040 931 1103 1002 sod
1123 940 1194 1003 stat

146 1070 212 1141 par
220 1046 392 1140 judicem,
406 1046 488 1139 quia
505 1070 576 1117 non
594 1046 711 1119 reddit
721 1048 782 1140 jus
799 1049 835 1117 in
853 1047 915 1117 illo
933 1047 1002 1130 dia,
1019 1056 1105 1119 tunc
1122 1072 1194 1118 non

146 1173 203 1235 est
232 1163 351 1236 danda
373 1186 465 1235 nova
491 1164 641 1248 dilati03
675 1162 735 1235 ae'd
763 1163 925 1236 volumus
951 1174 1087 1258 partem
1114 1187 1194 1236 ean·

147 1279 230 1353 dom
247 1281 388 1352 restitui
404 1280 450 1351 ad
468 1289 608 1374 tempus
625 1283 801 1352 amissum.

194 1486 274 1574 cap.
285 1505 315 1572 7.
343 1487 502 1553 Terminus
516 1487 674 1553 dilationis
687 1487 808 1573 utrique
816 1488 908 1571 parri
922 1487 1085 1554 communis
1097 1489 1148 1554 ait.

199 1634 415 1729 Ubicunque
439 1637 604 1728 ajudice
633 1637 716 1707 data
742 1638 810 1708 erit
836 1636 970 1718 dilatio,
995 1636 1195 1716 statuimus,

147 1766 191 1825 ut
214 1753 312 1824 idem
337 1754 509 1824 terminus
535 1755 580 1824 sit
606 1754 804 1825 communis
829 1755 970 1845 utrique
996 1753 1111 1845 parti3
1147 1754 1197 1822 ita

149 1877 191 1941 ut
218 1876 369 1961 utraque
396 1869 506 1962 possit
532 1870 568 1939 in
600 1868 662 1940 illo
691 1868 849 1962 probare.
908 1868 981 1940 Sed
1010 1870 1038 1940 si
1069 1869 1108 1949 is,
1138 1867 1195 1939 cui

148 1984 234 2057 data
257 1994 312 2056 est
341 1984 474 2069 dilatio,
501 2009 539 2058 re
567 1987 707 2079 integra
735 1987 994 2057 renunciaverit
1024 1984 1195 2067 dilationi,

147 2100 385 2173 adversarium
415 2103 551 2173 ratione
584 2102 742 2193 ejusdem
774 2103 953 2173 dilationis
983 2125 1083 2195 posse
1118 2125 1197 2195 pro-

149 2215 234 2290 bare
257 2216 452 2289 uolumusl.

141 2430 144 2435 '
257 2425 334 2513 Cap.
348 2427 377 2490 8.
400 2425 523 2490 Dilatio
537 2433 648 2490 certum
663 2426 1090 2514 ternpuaproeaniderclodet.
1214 2451 1275 2516 130

199 2561 379 2635 Volumus
401 2564 608 2636 dilationem
625 2588 647 2634 a
657 2564 779 2657 jndice
800 2567 959 2659 partibus
976 2566 1106 2647 datam,
1125 2587 1199 2635 cer·

149 2689 224 2752 tam
247 2702 333 2764 esse,
352 2681 407 2751 vel
432 2704 494 2773 per
516 2682 797 2753 numerationem
816 2683 963 2765 diemm,
981 2681 1036 2752 vel
1061 2682 1105 2752 ad
1124 2705 1199 2753 cer-

147 2807 226 2867 tum
243 2804 395 2889 tempus.

183 3021 263 3107 (lup.
275 3040 304 3104 9.
328 3021 417 3086 Dato
430 3019 576 3086 dilutione
590 3023 810 3107 cmotjudt'cia
825 3021 1057 3113 fidumudum
1071 3020 1166 3085 durat

614 3124 731 3191 dilatio

199 3271 297 3344 Data
323 3270 493 3343 dilatione
515 3272 647 3364 judicis
674 3272 828 3342 officium
856 3272 1106 3366 conquiescere
1136 3272 1197 3341 de·

148 3389 335 3470 cernimus,
364 3388 477 3459 donec
507 3388 610 3481 petiti
644 3388 813 3481 temporis
847 3387 1060 3459 defluxerint
1089 3389 1197 3458 curri-

149 3505 240 3588 cula,
271 3505 365 3575 feriis
399 3503 450 3574 illi
480 3504 631 3597 tempori
659 3528 729 3575 non
758 3504 997 3586 excludendis,
1025 3506 1085 3575 aed
1114 3528 1197 3575 con·

148 3619 385 3693 numerandis.

191 3808 269 3914 (lap.
283 3846 332 3893 10.
357 3827 419 3907 Qui
426 3826 602 3912 prodiderat
616 3838 695 3905 orto,
711 3827 756 3892 od
768 3829 865 3894 oliam
873 3827 1081 3915 probatiorem
1095 3851 1154 3894 oon

578 3930 763 3995 admittetur.

198 4076 237 4148 si
264 4078 342 4170 quis
367 4076 567 4170 probaverit
595 4077 828 4146 intentionenr
861 4100 961 4147 suam
988 4102 1050 4172 per
1076 4087 1195 4161 testes,

149 4193 204 4265 vel
225 4218 288 4287 per
304 4193 398 4264 aliud
422 4192 549 4275 simile,
567 4204 605 4264 et
624 4204 745 4285 postea
768 4193 960 4285 prodiderit
978 4205 1068 4279 acta,
1087 4196 1193 4265 etiam

352 4326 359 4367 ¹
376 4331 582 4406 probationum.
828 4344 840 4382 2
854 4333 991 4390 volumus.

641 4439 704 4500 r2
