2640 4806
462 294 511 345 nn
528 297 921 348 nxcounuurcrrroua.
1130 283 1200 348 183

153 445 269 527 verba,
281 471 361 539 quae
371 457 577 540 sequuntur,
590 427 930 543 elarehistincteque
943 451 1201 542 pronunciabit.

153 567 172 599 “
183 559 333 633 AEterne
350 564 459 647 Deus,
477 567 636 635 omnium
657 588 774 636 rernm
799 565 928 636 author
951 574 989 636 et
1005 588 1142 658 parens,
1161 575 1200 635 tu

152 674 282 747 coelum
308 686 347 748 et
368 688 499 750 terram
516 689 554 750 et
577 704 795 774 quacunque
820 681 1035 752 collucentia
1058 683 1200 752 suntin

151 790 223 862 illis
247 804 464 876 ornamenta
484 797 561 888 jam
587 797 670 867 inda
697 797 742 867 ab
768 798 869 868 initio
895 797 948 866 tui
978 797 1129 866 nominis
1154 796 1199 866 ad

99 988 106 1005 ι
148 904 299 999 gloriam
316 918 356 981 et
372 933 476 982 usum
493 913 574 982 vitoe
595 921 720 983 nostrae
738 914 982 1005 praeparavisti,
1001 913 1052 983 tui
1078 936 1141 982 nos
1158 922 1200 983 ut

149 1021 294 1095 honoris
317 1035 355 1097 et
376 1025 490 1099 laudis
512 1030 704 1099 maximam
732 1051 870 1122 semper
895 1030 1067 1099 rationem
1093 1026 1201 1098 habe·

149 1160 277 1222 remus,
295 1149 335 1212 et
355 1142 401 1212 od
424 1144 678 1214 sanctissimam
705 1143 926 1213 voluntatem
954 1152 1053 1213 tuam
1077 1165 1199 1214 omnes

149 1256 307 1328 actiones
323 1268 460 1330 nostras
477 1259 717 1354 dirigeremus.
758 1259 894 1330 Verum
912 1282 979 1353 ego
997 1261 1199 1331 teterrimus

149 1370 243 1441 inter
277 1395 401 1445 omnes
435 1387 474 1445 et
507 1376 820 1446 aerumnosissimae
853 1383 1026 1468 peccator,
1055 1374 1101 1445 ab
1130 1376 1199 1446 hoc

148 1494 211 1556 tuo
238 1496 312 1558 tarn
338 1499 461 1562 sancto
492 1491 693 1583 salubrique
728 1491 873 1562 consilio
903 1491 1072 1574 resiliens,
1098 1500 1196 1561 tuam

146 1601 400 1675 divinissimam
432 1608 656 1698 majestatem
681 1609 829 1677 immani
860 1608 1090 1699 perversitate
1117 1629 1197 1676 mea

146 1719 353 1808 gravissime
379 1720 515 1802 violavi,
543 1744 752 1812 summoque
782 1744 863 1792 meo
889 1721 1018 1791 damno
1044 1731 1081 1790 et
1106 1723 1197 1814 peri·

145 1831 228 1905 culo
255 1837 477 1926 purissimam
505 1836 603 1907 illam
629 1837 841 1908 innocentiae
867 1846 1015 1922 vestem,
1042 1860 1112 1929 qua
1137 1860 1196 1908 me

144 1949 312 2041 baptismi
338 1967 558 2023 sacramento
583 1976 647 2045 per
673 1952 855 2023 Christum
882 1948 1107 2022 Servatorem
1134 1975 1194 2020 no-

144 2071 259 2133 strum
289 2088 529 2158 cooperueras,
556 2065 636 2136 labe
666 2066 840 2136 scelerum
870 2064 977 2135 infeci
1008 2072 1045 2134 et
1072 2063 1194 2156 pollui,

144 2176 275 2250 deinde
299 2180 345 2251 ad
375 2190 578 2251 extremum
604 2203 626 2249 a
651 2203 708 2249 me
739 2181 876 2272 perdite
902 2201 1040 2271 prorsus
1070 2179 1193 2271 abjeci,

143 2314 274 2385 meque
298 2295 344 2365 ab
369 2295 528 2376 ecclesia,
555 2298 611 2366 cui
643 2318 705 2388 per
732 2297 946 2388 baptismum
971 2296 1192 2380 infundebar,

143 2408 330 2499 perfidiose
355 2411 520 2502 disjunxi.
573 2411 654 2494 Quo
680 2412 814 2481 factum
838 2419 902 2494 est,
921 2419 963 2481 ut
988 2412 1024 2480 in
1051 2412 1193 2483 misera·

142 2522 253 2593 bilem
280 2534 505 2616 peccatorum
529 2527 737 2597 servitutem
765 2527 926 2596 detrusus
953 2526 1092 2610 fuerim,
1110 2536 1192 2598 eta

143 2648 205 2707 tua
240 2641 426 2730 majestate
459 2640 548 2710 nihil
584 2651 710 2732 praeter
743 2640 946 2712 horribilem
980 2666 1119 2735 poenam
1154 2652 1192 2713 et

142 2758 398 2846 sempiternum
416 2757 568 2828 exitium
586 2765 775 2849 expectare
792 2758 933 2849 possim.
980 2757 1051 2827 Sed
1069 2767 1190 2829 tamen

141 2870 279 2962 ingenti
297 2872 546 2962 promissorum
565 2879 707 2939 tuorum
729 2870 870 2952 fiducia,
888 2870 1015 2961 quibus
1034 2870 1189 2941 favorem

141 2994 179 3054 et
197 2986 335 3056 veniam
354 2987 517 3057 omnibus
534 2987 733 3067 denuntias,
751 2994 1063 3075 quantumcunque
1080 2984 1189 3055 scele-

140 3102 204 3171 stis
221 3108 258 3171 et
275 3099 468 3195 flagitiosis,
486 3103 546 3193 qui
565 3101 696 3171 Christi
722 3101 850 3170 merita
873 3109 971 3170 certa
991 3101 1062 3171 fide
1086 3123 1189 3193 pren·

139 3225 267 3298 santes,
297 3227 335 3287 et
369 3218 413 3287 ad
449 3217 546 3288 illam
581 3239 721 3309 semper
754 3216 972 3298 incubantes,
998 3238 1115 3286 acrem
1150 3227 1188 3287 et

137 3356 307 3427 magnum
326 3356 371 3402 cx
389 3333 461 3403 suis
485 3332 690 3403 criminibus
712 3330 871 3400 dolorem
888 3331 1077 3423 accipiunt,
1095 3332 1187 3400 etin

137 3450 280 3521 illomm
314 3451 555 3520 recordatione
588 3457 737 3541 gemunt
767 3456 805 3517 et
838 3446 972 3539 lugent,
999 3456 1185 3538 peccatum

137 3585 256 3635 coram
282 3572 320 3634 te
350 3586 481 3644 meum,
507 3565 556 3632 mi
585 3562 700 3642 Pater,
727 3573 764 3632 et
789 3584 908 3632 coram
934 3561 988 3631 his
1018 3561 1186 3633 fratribus

137 3679 290 3761 maisin
308 3677 375 3748 hac
392 3677 540 3748 ecclesia
557 3679 719 3771 praesenti
738 3687 800 3747 tua
821 3677 1013 3756 collocatis,
1031 3677 1185 3747 libenter

135 3795 312 3887 profiteor,
329 3816 492 3887 agnosco,
510 3795 678 3876 detestor,
696 3804 733 3864 et
751 3816 907 3864 execror.
960 3792 1185 3885 Quapropter

135 3934 239 4004 parce
272 3909 370 3992 mihi,
400 3909 554 3981 Domina
585 3910 692 3991 Deua,
723 3911 888 3980 miserere
922 3932 1009 3979 meae
1042 3931 1183 4002 prorsus

135 4026 342 4098 miserabilis
359 4035 397 4095 et
413 4025 552 4097 afflictae
579 4027 814 4113 conditionis3
841 4035 940 4096 tuam
957 4023 1098 4117 appello
1116 4027 1183 4095 mi-

133 4142 200 4214 seri
217 4143 358 4224 ‚rdiam
381 4142 567 4224 infinitam,
590 4143 809 4212 immensam.
860 4141 1077 4213 Teterrimus
1100 4165 1182 4234 pec·

133 4269 240 4340 cator,
264 4258 403 4352 appello
434 4269 532 4329 tuam
563 4256 675 4328 omnil
703 4255 936 4350 cogitatione²
962 4258 1178 4350 superiorem

340 4397 348 4436 ¹
365 4399 441 4456 omni
455 4419 508 4456 om.
737 4399 749 4437 ²
762 4397 975 4472 cogitationem.
