2692 4800
133 265 206 337 286
472 282 521 333 nn
545 281 847 336 nxcumioxmua
1181 288 1211 339 c.
1228 286 1271 361 ¹5·

135 437 276 520 fuerint,
295 444 333 507 et
350 435 493 528 quidem
519 459 590 507 non
611 459 658 509 ex
684 435 830 520 malitia,
850 459 968 530 neque
993 439 1041 510 ad
1058 462 1189 512 vexan-

134 554 218 623 dum
236 553 482 635 adversarium,
500 553 536 622 iu
559 549 797 645 appellatione
817 553 964 646 produci
989 563 1181 648 poterunt;

133 693 205 742 non
230 678 351 741 autem
368 667 605 740 declinatoriae
629 677 693 740 aut
710 667 880 740 dilatoriae
905 669 976 741 illoe
1001 673 1183 766 exceptio·

133 808 209 873 nes,
228 808 306 877 quae
317 785 445 877 judicii
467 806 669 877 processum
686 781 835 868 elidunt,
852 785 914 856 sed
935 784 1015 856 illas
1039 795 1183 858 tantum

134 900 257 973 licebit
275 901 437 994 objicere,
451 924 529 992 quae
545 902 729 994 negotium
747 901 864 993 ipsum
882 910 919 971 et
936 901 988 972 rei
1006 925 1182 975 summam

133 1025 306 1109 spectant,
323 1016 429 1085 modo
446 1017 543 1108 prius
559 1037 606 1086 ex
622 1014 759 1086 malitia
775 1039 845 1087 non
863 1016 997 1088 fuerint
1014 1020 1162 1090 omioeae.

199 1228 276 1315 (lep.
292 1230 341 1293 16.
369 1227 457 1298 ΟΜ
466 1228 507 1293 ait
521 1228 689 1314 replicatio,
704 1237 731 1293 et
745 1227 866 1314 quondo
878 1228 1107 1314 siemundo.

183 1366 244 1438 Ad
261 1389 402 1437 reorum
419 1367 647 1460 exceptiones
663 1374 800 1438 actores
817 1366 1066 1460 replicationes
1081 1367 1183 1439 adbi-

134 1483 219 1555 bere
236 1481 363 1567 solent,
381 1505 459 1575 quae
481 1480 570 1552 nihil
587 1483 683 1553 aliud
709 1490 802 1564 sunt,
821 1505 927 1575 quam
948 1481 1181 1577 allegationes

133 1609 304 1683 actomm,
327 1623 392 1694 per
420 1621 507 1691 quas
535 1601 699 1693 exceptio
734 1601 904 1684 solvitur;
938 1622 1056 1692 neque
1081 1610 1183 1672 actor
1194 1617 1251 1687 135

132 1719 212 1812 cogi
239 1718 346 1789 debet
374 1717 419 1786 ad
447 1738 548 1787 suam
574 1714 840 1809 replicationem
863 1716 1094 1809 probandam,
1114 1719 1183 1790 nisi

132 1833 229 1926 prius
246 1855 326 1903 reus
343 1832 543 1924 probaverit
560 1832 819 1924 exceptionem.

162 2039 241 2126 Gap.
257 2055 307 2124 17.
329 2043 384 2104 An
390 2039 491 2124 jadex
504 2039 541 2103 de
556 2038 803 2126 replicationem
812 2038 1022 2124 pronunciare
1037 2037 1148 2105 debeat.

184 2187 238 2259 Ut
257 2188 373 2281 judex
399 2187 444 2258 de
471 2186 758 2280 replicationibus
784 2185 996 2279 pronunciet
1024 2209 1099 2256 non
1127 2195 1183 2258 ent

134 2305 389 2376 necessarium:
421 2304 505 2396 quia
529 2305 619 2374 vires
645 2325 767 2375 earum
792 2303 877 2373 satis
901 2300 1057 2397 intelligi
1082 2313 1183 2396 pote-

133 2429 227 2504 runt,
245 2443 326 2492 cum
346 2422 461 2512 judex
478 2421 524 2493 de
545 2421 629 2513 ipsis
654 2419 920 2512 exceptionibus
946 2421 1184 2505 constituerit,

132 2561 178 2607 an
195 2538 424 2608 admittendae
443 2534 498 2606 vel
517 2537 741 2629 repudianda,²
758 2537 839 2606 sint.

223 2752 298 2837 Cap.
316 2749 365 2814 18.
394 2752 550 2821 Quaedam
559 2750 658 2836 possit
671 2748 827 2835 replicatio
836 2747 929 2831 puris
942 2747 1092 2812 crimine.

189 2887 388 2979 Replicatio
427 2888 519 2979 paris
561 2887 716 2956 criminis
752 2884 892 2977 repellit
931 2886 1181 2977 excipientem.

135 3003 231 3074 Nam
260 3003 424 3096 exceptio
451 3002 599 3094 alicujus
625 3002 781 3072 criminis
810 2999 944 3071 abillo
973 3024 1045 3071 non
1077 3002 1183 3072 debet

11 3196 16 3206 ,
133 3122 274 3214 opponi,
293 3121 353 3211 qui
371 3121 495 3189 eodem
515 3118 672 3189 laborare
690 3119 919 3188 convincitur.

172 3348 250 3434 (lap.
270 3371 316 3434 ¹9·
340 3352 447 3434 Neque
461 3348 611 3433 excipiens
624 3370 717 3433 noque
732 3347 882 3432 replicans
896 3347 998 3410 omnio
1004 3347 1138 3430 fatetur,

346 3474 413 3537 qum
429 3451 504 3515 dicit
519 3452 692 3536 complendo
707 3451 755 3514 col
768 3449 954 3535 replicando.

186 3590 375 3683 Excipiens
394 3599 536 3659 nonest
558 3589 753 3659 censendus
771 3588 873 3658 fateri
893 3590 1024 3671 omnia,
1042 3611 1119 3679 quae
1144 3589 1177 3656 iu

133 3708 208 3797 ejus
251 3707 460 3799 exceptione
503 3706 754 3788 includuntur3
799 3704 1101 3794 quemadmodum
1142 3711 1177 3771 et

133 3834 231 3894 actor
257 3846 325 3892 nou
349 3824 467 3892 omnia
487 3822 707 3913 judicabitur
733 3821 846 3900 fateri,
866 3844 944 3911 qum
971 3822 1007 3889 in
1034 3819 1176 3912 replica-

133 3941 230 4011 tione
248 3942 485 4010 continentur.
