2692 4800
142 274 215 342 314
466 288 516 340 ns
539 290 883 343 srrmnsnonmus.
1194 295 1226 345 c.
1240 294 1284 369 45

144 462 230 537 tere,
248 476 289 524 cc
312 452 438 524 eodem
457 453 514 523 die
537 448 777 544 appellantem
800 450 932 543 injuste
954 452 1196 523 condemnare

143 571 259 662 quoad
285 591 466 662 expensas.
518 567 610 639 Cum
629 590 712 637 vero
729 567 846 659 judex
870 568 1017 639 inferior
1038 567 1196 663 appella-

143 687 232 756 tioni
259 686 437 769 detulerit,
464 687 501 755 in
516 693 704 779 'potestate
733 685 921 778 superioris
951 688 1019 756 erit
1051 708 1193 758 causam

144 803 291 874 adeum
315 803 500 872 remittere
516 801 573 874 vel
591 803 684 894 apud
705 824 744 873 se
767 803 933 887 retinere,
950 803 1046 895 quod
1066 804 1196 896 occipi-

144 921 276 991 endum
294 927 359 1000 est,
376 919 404 988 si
422 919 622 1011 prosecutio
639 941 756 988 coram
774 919 955 1011 superiore
973 920 1046 990 liat.
1099 918 1195 990 Item

144 1060 225 1108 cum
253 1035 411 1128 superior
431 1033 706 1128 appellationem
732 1034 778 1104 ab
800 1034 1099 1128 interloquutoria
1120 1037 1194 1108 sive

143 1153 346 1248 gravamine
375 1151 535 1221 frivolam
561 1148 650 1221 esse'
679 1153 894 1244 cognoverit,
913 1175 1057 1223 causam
1082 1155 1194 1247 ipsam

143 1271 316 1340 remittat.
369 1266 407 1337 Si
427 1290 509 1337 vero
535 1269 645 1359 ipsam
673 1267 948 1360 appellationem
974 1292 1021 1339 ex
1043 1270 1135 1339 veris
1157 1279 1194 1340 et

137 1387 245 1479 justis
268 1385 382 1455 causis
408 1385 515 1454 fuisse
540 1385 784 1476 interpositam
809 1385 1026 1478 cognoverit,
1053 1408 1193 1456 causam

144 1501 372 1595 principalem
390 1502 426 1570 in
444 1523 545 1570 suam
562 1502 712 1593 accipiet
729 1510 953 1595 potestatem.
1004 1500 1086 1573 Nec
1104 1502 1194 1573 ulte-

143 1619 216 1688 rius
233 1640 312 1688 eam
330 1618 374 1687 ad
393 1617 593 1686 inferiorem
605 1617 764 1709 judicem
783 1618 954 1687 remittat.

145 1850 224 1935 Cap.
236 1852 290 1929 46.
312 1847 417 1912 radas
435 1849 480 1912 cd
493 1871 580 1934 quesn
596 1848 783 1934 appellatam
802 1856 844 1913 est
861 1870 920 1912 non
936 1848 1096 1934 prohibeat
1116 1849 1193 1936 insc-

216 1952 338 2028 riorcrn,
354 1951 416 2015 nisi
424 1953 519 2039 prins
534 1953 564 2015 ei
578 1962 687 2018 constet
701 1952 832 2039 opiam
845 1952 1034 2037 appellatum
1049 1975 1121 2018 esse.

196 2091 432 2163 Prohibemus
450 2116 495 2163 no
512 2094 637 2184 judex,
655 2093 700 2162 ad
719 2116 823 2184 quem
842 2091 1010 2185 appellari
1029 2116 1092 2164 seu
1110 2118 1192 2187 que·

145 2210 248 2281 relari
273 2210 473 2303 contigerit,
485 2209 611 2301 judici,
635 2233 655 2279 a
679 2231 749 2301 quo
773 2209 990 2303 appellatum
1013 2220 1081 2294 est,
1101 2214 1192 2304 prius

22 2365 27 2374 ·
146 2326 315 2408 inhibeat,
333 2347 440 2417 quam
461 2325 679 2418 appellatum
700 2326 774 2396 sive
792 2326 1013 2418 querelatum
1034 2327 1192 2423 legitime

146 2444 213 2514 sibi
236 2443 343 2512 fuisso
367 2443 576 2512 constiterit.
631 2440 712 2512 Nisi
736 2466 757 2512 a
780 2442 960 2513 definitiva
982 2445 1116 2528 statim,
1136 2448 1253 2538 ju·14t

147 2561 225 2630 dice
242 2582 305 2651 pro
322 2557 490 2627 tribunali
508 2559 665 2642 sedente,
680 2560 759 2628 viva
778 2582 863 2628 voce
880 2561 974 2650 apud
991 2571 1072 2631 octa
1089 2562 1193 2633 fuerit

146 2674 364 2769 appellatum
408 2674 481 2743 sive
525 2674 771 2765 querelatum:
816 2697 886 2766 quo
924 2697 1006 2744 casu
1045 2676 1193 2747 sufficiet

140 2793 264 2884 judici,
282 2790 325 2860 ad
344 2813 450 2882 quem
471 2788 688 2882 appellatum
708 2799 773 2872 est,
792 2791 836 2859 de
853 2790 922 2860 hoc
939 2812 1001 2883 per
1018 2792 1193 2884 appellau-

148 2912 193 2980 tis
227 2918 289 2978 aut
332 2907 565 2998 procuratoris
596 2906 753 2998 ejusdem
784 2906 947 2978 habentis
977 2909 1191 2990 mandatum,

140 3028 346 3117 juramento
365 3034 537 3094 constare.

148 3247 225 3332 (lap.
240 3266 293 3332 47.
324 3249 491 3314 Sententia>
515 3248 837 3312 excommunicationis
865 3257 893 3311 ct
916 3250 1117 3333 suspensionis
1138 3271 1192 3314 non

204 3353 379 3417 reuocanda
393 3375 414 3415 a
421 3352 527 3436 jndice
541 3350 766 3436 appellationis,
780 3352 842 3414 nisi
858 3351 970 3415 nocetis
977 3352 1136 3436 partibus.

199 3491 284 3562 Non
308 3493 422 3562 solum
449 3494 649 3574 statuimus,
668 3501 708 3560 ut
732 3493 760 3561 si
784 3501 936 3585 negetur
956 3515 1019 3584 per
1043 3494 1192 3585 appella-

148 3610 281 3678 tionem
317 3610 499 3702 negotium
535 3608 753 3690 devolutum,
789 3631 859 3676 non
894 3608 1052 3678 inhibeat
1080 3611 1190 3701 judex

148 3725 392 3818 appellationis
402 3725 560 3817 judicem
581 3748 602 3794 a
620 3749 699 3815 quc,
719 3726 754 3794 in
772 3748 875 3795 causa
892 3724 1103 3817 procederc;
1130 3728 1190 3795 nisi

149 3843 192 3912 de
211 3840 456 3911 devolutione²
481 3842 690 3911 constiterit.
745 3840 881 3911 Verum
900 3843 1093 3910 sententias
1110 3866 1192 3933 quo·

148 3981 217 4049 que
244 3958 477 4050 suspensionis
504 3957 577 4028 sive
609 3957 985 4027 excommunicationis
1015 3958 1051 4026 in
1078 3956 1192 4050 appel·

149 4075 282 4144 lantem
301 4073 345 4142 ab
366 4071 421 4156 eo',
440 4098 547 4165 aquo
574 4073 791 4166 appellatum
808 4074 1025 4165 proponitur,
1044 4073 1192 4166 promul-

148 4187 277 4280 gatas³‚
297 4188 497 4290 nullatenus
517 4188 597 4278 (nisi
616 4190 750 4259 vocatis
774 4188 931 4281 partibus
952 4188 1053 4259 etde
1078 4187 1192 4281 appel·

191 4324 199 4368 ¹
217 4347 278 4384 esse
293 4346 406 4382 oarssarn
421 4346 485 4400 cog.
595 4324 607 4362 ²
622 4328 656 4385 dc
672 4329 823 4385 volutione.
932 4327 947 4368 ³
961 4330 1152 4402 provulgatas.
