2692 4800
389 313 441 364 an
465 313 738 366 sccuasmsmca
762 314 964 366 annumero.
1153 292 1200 364 63

148 463 273 537 insecti
296 464 386 537 falsa
408 465 579 550 doctrina,
603 467 830 557 quarendum
855 488 901 536 ex
927 462 996 535 illis
1021 463 1090 534 erit
1115 465 1200 557 quid

147 579 193 650 ds
210 580 371 651 materiis
390 581 561 652 universis
584 581 749 661 sentiant,
767 581 906 672 quasin
927 590 1035 672 caput
1053 578 1110 650 De
1130 581 1200 650 hae-

146 696 267 768 reticis
287 698 524 789 conjiciendas
547 719 624 768 osso
663 698 872 767 curavimus.
925 695 974 766 Et
993 697 1039 768 ad
1062 698 1125 768 has
1146 698 1201 767 in·
1336 738 1345 750 ·

145 814 406 908 terrogationes
424 813 486 905 qui
509 836 577 883 non
606 814 858 883 convenienter
880 823 918 883 et
938 823 1035 882 recte
1058 836 1200 906 respon·

146 930 276 1013 derint,
290 931 513 1025 cognitorum
520 930 668 1022 judicio,
680 929 737 1000 vel
750 930 810 1022 qui
824 951 999 999 sacrarum
1013 931 1201 1022 scriptura·

146 1069 227 1118 rum
257 1048 417 1119 scientiae
448 1056 530 1118 sunt
556 1055 730 1139 expertes,
758 1047 998 1139 repudientur.
1051 1046 1199 1118 sivero

146 1163 282 1235 fuerint
305 1163 382 1234 haec
404 1165 441 1234 in
465 1163 534 1234 iilis
551 1164 643 1235 bene
667 1165 869 1246 constituta,
886 1174 964 1232 tum
988 1164 1132 1234 demum
1153 1164 1199 1234 ad

146 1281 288 1373 reliqua
304 1281 524 1377 pergendum
541 1283 620 1351 erit.

303 1491 379 1578 (iap
394 1512 442 1555 11.
466 1491 635 1577 Oopoitores
648 1491 728 1577 quid
734 1492 873 1577 primun
887 1493 1047 1577 requirent.

202 1613 251 1684 Et
268 1614 422 1707 primum
440 1614 582 1705 quidem
599 1615 798 1708 cognitores
819 1637 864 1685 ex
882 1613 944 1683 illo
966 1616 1199 1699 sciscitentur,

133 1734 197 1803 'an
213 1731 258 1802 ad
270 1730 333 1801 illa
349 1731 444 1802 beati
459 1729 560 1802 Pauli
580 1741 757 1824 praecepta
773 1754 810 1800 se
828 1730 915 1800 velit
933 1732 1199 1804 accommodare

147 1871 232 1940 quae
250 1844 352 1918 sunt²
364 1848 409 1918 ad
422 1847 649 1917 Timotheum
662 1847 716 1917 his
731 1847 855 1929 verbis,
874 1845 928 1918 Tu
939 1871 1018 1919 oero
1030 1847 1146 1945 vipilu,
1160 1849 1199 1920 io

147 1958 308 2035 omnibus
341 1959 469 2047 laboro,
504 1985 589 2057 opus
611 1960 680 2058 fao
713 1961 933 2059 eoorrpelr‘stoe,
968 1964 1198 2036 minoratam

148 2089 248 2151 tuum
272 2076 387 2174 imple,
404 2087 446 2149 ut
464 2078 660 2150 Ecclesiam
682 2101 782 2148 suam
803 2079 848 2149 ad
866 2102 972 2169 quam
991 2091 1198 2174 apponetur,

148 2207 326 2292 quantum
340 2198 429 2268 vires
447 2198 572 2280 ferent,
587 2198 793 2268 assiduitate
810 2220 950 2290 semper
965 2200 1199 2285 administret,

149 2325 191 2387 et
204 2316 334 2387 deinde
344 2337 445 2385 suum
461 2314 512 2384 illi
523 2314 628 2407 plane
641 2324 678 2385 et
692 2324 813 2407 aperte
824 2315 1022 2386 declaretur
1032 2315 1199 2400 officium,

150 2432 247 2526 quod
263 2432 300 2502 in
318 2430 514 2501 sacerdotio
532 2430 639 2500 debet
658 2453 834 2500 exercere.

174 2644 254 2728 Cap.
270 2660 320 2707 12.
354 2641 483 2706 Unicum
497 2663 554 2706 esse
568 2651 702 2728 oportem
717 2641 917 2706 sacerdotium
931 2642 1022 2706 anius
1035 2643 1181 2709 miniari.

202 2765 382 2850 Quoniam
409 2763 533 2835 multis
562 2764 767 2834 sacerdotiis
797 2765 832 2833 in
861 2787 972 2834 unum
1001 2766 1203 2836 ministrum

152 2879 605 2975 concurrentibussingulis
615 2877 747 2951 minus³
760 2890 855 2951 recte
866 2882 1093 2973 perfecteque
1104 2882 1206 2953 satis·

152 2999 229 3071 fieri
254 3019 399 3068 necesse
428 3005 494 3080 est,
521 3005 558 3067 et
588 2998 706 3066 minus
738 2998 818 3068 viris
848 2998 961 3068 doctis
987 2998 1062 3090 (qui
1088 2998 1204 3068 adhuc

153 3123 263 3211 egent
280 3136 395 3206 neque
412 3113 482 3183 illis
499 3121 723 3206 prospectum
741 3117 810 3207 est)
827 3113 962 3184 consuli
980 3122 1109 3205 potest,
1127 3136 1206 3207 per-

153 3240 348 3303 contentur
371 3253 393 3299 a
420 3230 607 3300 candidato
635 3231 834 3322 cognitores
861 3253 906 3299 an
934 3227 1047 3301 ullum
1074 3229 1205 3301 habeat

152 3367 307 3441 praesens
335 3345 591 3428 sacerdotium
626 3352 664 3414 et
694 3345 722 3414 si
758 3345 969 3415 confiteatur
996 3343 1127 3414 habere
1156 3366 1204 3426 se,

154 3462 350 3535 secundum
375 3484 447 3531 non
470 3461 637 3553 impetret
661 3461 756 3553 quod
778 3461 824 3531 ab
847 3458 916 3531 illis
937 3461 1047 3553 petit:
1074 3459 1205 3552 alioqui

154 3581 252 3673 prius
276 3576 512 3651 sacerdotium
538 3576 701 3647 volumus
726 3600 878 3647 vacuum
899 3576 986 3659 fieri,
1007 3599 1048 3646 ac
1072 3576 1101 3647 si
1126 3598 1206 3669 pos-
1212 3599 1252 3666 31

154 3717 270 3767 sessor
294 3693 370 3786 ejus
395 3692 550 3775 obiisset,
576 3693 714 3784 eritque
738 3693 877 3785 patroni
901 3693 1025 3785 juset
1051 3691 1206 3763 officium

154 3811 236 3883 loco
252 3811 328 3903 ejus
345 3808 453 3879 alium
472 3808 675 3902 quempiam
694 3807 910 3901 designandi.

225 4022 304 4109 Gap.
318 4040 367 4106 13.
391 4019 564 4106 Prioikpio
572 4019 804 4106 pluralitutum
820 4025 856 4083 ot
868 4028 983 4096 mount,
1000 4018 1140 4084 tollendo.

207 4143 400 4237 Privilegia
430 4164 579 4235 quorum
611 4140 828 4212 authoritate
862 4138 978 4210 multa
1011 4137 1207 4210 sacerdotia
1288 4183 1289 4187 =

280 4321 287 4361 ¹
304 4332 368 4375 esse
383 4331 435 4373 om.
645 4306 737 4371 'sint
944 4306 1085 4368 ”munna
