<?xml version="1.0" encoding="UTF-8"?>
<!DOCTYPE html PUBLIC "-//W3C//DTD XHTML 1.0 Transitional//EN"
    "http://www.w3.org/TR/xhtml1/DTD/xhtml1-transitional.dtd">
<html xmlns="http://www.w3.org/1999/xhtml" xml:lang="en" lang="en">
 <head>
  <title>
</title>
<meta http-equiv="Content-Type" content="text/html;charset=utf-8" />
  <meta name='ocr-system' content='tesseract 3.04.00' />
  <meta name='ocr-capabilities' content='ocr_page ocr_carea ocr_par ocr_line ocrx_word'/>
</head>
<body>
  <div class='ocr_page' id='page_1' title='image "./reformationeccl01cardgoog_0368.png"; bbox 0 0 2692 4800; ppageno 0'>
   <div class='ocr_carea' id='block_1_1' title="bbox 464 297 1194 362">
    <p class='ocr_par' dir='ltr' id='par_1_1' title="bbox 464 297 1194 362">
     <span class='ocr_line' id='line_1_1' title="bbox 464 297 1194 362; baseline 0.005 -4"><span class='ocrx_word' id='word_1_1' title='bbox 464 310 512 359; x_wconf 83' lang='lat' dir='ltr'><strong>ns</strong></span> <span class='ocrx_word' id='word_1_2' title='bbox 537 310 880 362; x_wconf 73' lang='lat' dir='ltr'><strong>nrasnmnoumus.</strong></span> <span class='ocrx_word' id='word_1_3' title='bbox 1124 297 1194 362; x_wconf 80' lang='lat'><strong>301</strong></span> 
     </span>
    </p>
   </div>
   <div class='ocr_carea' id='block_1_2' title="bbox 146 461 1197 671">
    <p class='ocr_par' dir='ltr' id='par_1_2' title="bbox 146 461 1197 671">
     <span class='ocr_line' id='line_1_2' title="bbox 146 461 1197 547; baseline 0.003 -16"><span class='ocrx_word' id='word_1_4' title='bbox 146 462 221 532; x_wconf 88' lang='lat' dir='ltr'><strong>tiva</strong></span> <span class='ocrx_word' id='word_1_5' title='bbox 245 462 423 532; x_wconf 82' lang='lat' dir='ltr'><strong>sententia</strong></span> <span class='ocrx_word' id='word_1_6' title='bbox 448 464 579 544; x_wconf 84' lang='lat' dir='ltr'><strong>statim,</strong></span> <span class='ocrx_word' id='word_1_7' title='bbox 597 471 637 532; x_wconf 89' lang='grc' dir='ltr'><strong>ιιι</strong></span> <span class='ocrx_word' id='word_1_8' title='bbox 664 461 798 533; x_wconf 90' lang='lat' dir='ltr'><strong>dictum</strong></span> <span class='ocrx_word' id='word_1_9' title='bbox 826 472 891 547; x_wconf 91' lang='lat' dir='ltr'><strong>est,</strong></span> <span class='ocrx_word' id='word_1_10' title='bbox 915 464 1008 535; x_wconf 87' lang='lat' dir='ltr'><strong>viva1</strong></span> <span class='ocrx_word' id='word_1_11' title='bbox 1038 487 1125 535; x_wconf 88' lang='lat' dir='ltr'><strong>voce</strong></span> <span class='ocrx_word' id='word_1_12' title='bbox 1150 465 1197 536; x_wconf 85' lang='lat' dir='ltr'><strong>sit</strong></span> 
     </span>
     <span class='ocr_line' id='line_1_3' title="bbox 147 576 376 671; baseline 0.009 -24"><span class='ocrx_word' id='word_1_13' title='bbox 147 576 376 671; x_wconf 86' lang='lat' dir='ltr'><strong>appellatum.</strong></span> 
     </span>
    </p>
   </div>
   <div class='ocr_carea' id='block_1_3' title="bbox 207 801 1140 991">
    <p class='ocr_par' dir='ltr' id='par_1_3' title="bbox 207 801 1140 991">
     <span class='ocr_line' id='line_1_4' title="bbox 207 801 1140 890; baseline 0 -22"><span class='ocrx_word' id='word_1_14' title='bbox 207 801 284 889; x_wconf 83' lang='lat' dir='ltr'><strong>Cap.</strong></span> <span class='ocrx_word' id='word_1_15' title='bbox 297 825 328 889; x_wconf 91' lang='lat'><strong>9.</strong></span> <span class='ocrx_word' id='word_1_16' title='bbox 357 802 472 873; x_wconf 73' lang='lat' dir='ltr'><strong>Quibus</strong></span> <span class='ocrx_word' id='word_1_17' title='bbox 487 801 603 868; x_wconf 61' lang='lat' dir='ltr'><strong>casta</strong></span> <span class='ocrx_word' id='word_1_18' title='bbox 618 801 772 888; x_wconf 67' lang='lat' dir='ltr'><strong>appellare</strong></span> <span class='ocrx_word' id='word_1_19' title='bbox 786 824 846 866; x_wconf 78' lang='lat' dir='ltr'><strong>nou</strong></span> <span class='ocrx_word' id='word_1_20' title='bbox 860 801 936 880; x_wconf 81' lang='lat' dir='ltr'><strong>licet,</strong></span> <span class='ocrx_word' id='word_1_21' title='bbox 951 814 1006 868; x_wconf 83' lang='lat' dir='ltr'><strong>aut</strong></span> <span class='ocrx_word' id='word_1_22' title='bbox 1012 807 1140 890; x_wconf 71' lang='lat' dir='ltr'><strong>fnestra</strong></span> 
     </span>
     <span class='ocr_line' id='line_1_5' title="bbox 578 905 762 991; baseline -0.005 -22"><span class='ocrx_word' id='word_1_23' title='bbox 578 905 762 991; x_wconf 74' lang='lat' dir='ltr'><strong>appellatur.</strong></span> 
     </span>
    </p>
   </div>
   <div class='ocr_carea' id='block_1_4' title="bbox 142 1034 1270 4278">
    <p class='ocr_par' dir='ltr' id='par_1_4' title="bbox 142 1034 1270 4278">
     <span class='ocr_line' id='line_1_6' title="bbox 200 1034 1197 1139; baseline 0.002 -23"><span class='ocrx_word' id='word_1_24' title='bbox 200 1034 376 1139; x_wconf 53' lang='lat' dir='ltr'><strong>Neqne&#39;a</strong></span> <span class='ocrx_word' id='word_1_25' title='bbox 402 1047 619 1118; x_wconf 82' lang='lat' dir='ltr'><strong>correctione</strong></span> <span class='ocrx_word' id='word_1_26' title='bbox 649 1069 764 1139; x_wconf 89' lang='lat' dir='ltr'><strong>neque</strong></span> <span class='ocrx_word' id='word_1_27' title='bbox 794 1047 839 1117; x_wconf 94' lang='lat' dir='ltr'><strong>ab</strong></span> <span class='ocrx_word' id='word_1_28' title='bbox 869 1049 1081 1118; x_wconf 81' lang='lat' dir='ltr'><strong>executione</strong></span> <span class='ocrx_word' id='word_1_29' title='bbox 1112 1048 1197 1119; x_wconf 91' lang='lat' dir='ltr'><strong>licet</strong></span> 
     </span>
     <span class='ocr_line' id='line_1_7' title="bbox 148 1162 1196 1256; baseline 0.003 -25"><span class='ocrx_word' id='word_1_30' title='bbox 148 1162 336 1256; x_wconf 90' lang='lat' dir='ltr'><strong>appellare,</strong></span> <span class='ocrx_word' id='word_1_31' title='bbox 357 1164 424 1232; x_wconf 90' lang='lat' dir='ltr'><strong>nisi</strong></span> <span class='ocrx_word' id='word_1_32' title='bbox 452 1162 579 1233; x_wconf 90' lang='lat' dir='ltr'><strong>modus</strong></span> <span class='ocrx_word' id='word_1_33' title='bbox 606 1164 808 1244; x_wconf 83' lang='lat' dir='ltr'><strong>excedatur,</strong></span> <span class='ocrx_word' id='word_1_34' title='bbox 834 1173 942 1255; x_wconf 89' lang='lat' dir='ltr'><strong>atque</strong></span> <span class='ocrx_word' id='word_1_35' title='bbox 969 1172 1054 1234; x_wconf 89' lang='lat' dir='ltr'><strong>tuno</strong></span> <span class='ocrx_word' id='word_1_36' title='bbox 1081 1188 1196 1248; x_wconf 85' lang='lat' dir='ltr'><strong>eausa,</strong></span> 
     </span>
     <span class='ocr_line' id='line_1_8' title="bbox 148 1278 1197 1371; baseline 0.002 -22"><span class='ocrx_word' id='word_1_37' title='bbox 148 1286 187 1349; x_wconf 86' lang='lat' dir='ltr'><strong>et</strong></span> <span class='ocrx_word' id='word_1_38' title='bbox 212 1300 255 1349; x_wconf 91' lang='lat' dir='ltr'><strong>ea</strong></span> <span class='ocrx_word' id='word_1_39' title='bbox 288 1279 432 1371; x_wconf 88' lang='lat' dir='ltr'><strong>quidem</strong></span> <span class='ocrx_word' id='word_1_40' title='bbox 461 1301 544 1348; x_wconf 87' lang='lat' dir='ltr'><strong>vera</strong></span> <span class='ocrx_word' id='word_1_41' title='bbox 577 1278 808 1371; x_wconf 85' lang='lat' dir='ltr'><strong>exprimenda</strong></span> <span class='ocrx_word' id='word_1_42' title='bbox 837 1288 902 1350; x_wconf 83' lang='lat' dir='ltr'><strong>est.</strong></span> <span class='ocrx_word' id='word_1_43' title='bbox 959 1279 1003 1350; x_wconf 94' lang='lat' dir='ltr'><strong>In</strong></span> <span class='ocrx_word' id='word_1_44' title='bbox 1032 1279 1197 1352; x_wconf 82' lang='lat' dir='ltr'><strong>notoriis²</strong></span> 
     </span>
     <span class='ocr_line' id='line_1_9' title="bbox 149 1394 1197 1491; baseline 0.003 -25"><span class='ocrx_word' id='word_1_45' title='bbox 149 1395 257 1466; x_wconf 90' lang='lat' dir='ltr'><strong>etiam</strong></span> <span class='ocrx_word' id='word_1_46' title='bbox 280 1395 506 1489; x_wconf 90' lang='lat' dir='ltr'><strong>prohibemus</strong></span> <span class='ocrx_word' id='word_1_47' title='bbox 532 1395 817 1488; x_wconf 81' lang='lat' dir='ltr'><strong>appellationem.</strong></span> <span class='ocrx_word' id='word_1_48' title='bbox 867 1394 905 1465; x_wconf 89' lang='lat' dir='ltr'>A</span> <span class='ocrx_word' id='word_1_49' title='bbox 929 1419 1031 1489; x_wconf 90' lang='lat' dir='ltr'><strong>poena</strong></span> <span class='ocrx_word' id='word_1_50' title='bbox 1056 1421 1197 1491; x_wconf 90' lang='lat' dir='ltr'><strong>quoque</strong></span> 
     </span>
     <span class='ocr_line' id='line_1_10' title="bbox 143 1506 1197 1607; baseline 0.005 -26"><span class='ocrx_word' id='word_1_51' title='bbox 143 1506 234 1603; x_wconf 83' lang='lat' dir='ltr'><strong>juris</strong></span> <span class='ocrx_word' id='word_1_52' title='bbox 268 1534 337 1582; x_wconf 92' lang='lat' dir='ltr'><strong>non</strong></span> <span class='ocrx_word' id='word_1_53' title='bbox 368 1510 453 1582; x_wconf 84' lang='lat' dir='ltr'><strong>licet</strong></span> <span class='ocrx_word' id='word_1_54' title='bbox 481 1508 682 1605; x_wconf 90' lang='lat' dir='ltr'><strong>appellare:</strong></span> <span class='ocrx_word' id='word_1_55' title='bbox 721 1512 783 1581; x_wconf 87' lang='lat' dir='ltr'><strong>sed</strong></span> <span class='ocrx_word' id='word_1_56' title='bbox 811 1534 833 1582; x_wconf 89' lang='lat' dir='ltr'><strong>a</strong></span> <span class='ocrx_word' id='word_1_57' title='bbox 861 1514 1039 1583; x_wconf 87' lang='lat' dir='ltr'><strong>sententia</strong></span> <span class='ocrx_word' id='word_1_58' title='bbox 1064 1514 1197 1607; x_wconf 89' lang='lat' dir='ltr'><strong>judicis</strong></span> 
     </span>
     <span class='ocr_line' id='line_1_11' title="bbox 149 1626 1196 1724; baseline 0.005 -28"><span class='ocrx_word' id='word_1_59' title='bbox 149 1626 355 1720; x_wconf 89' lang='lat' dir='ltr'><strong>appellatur,</strong></span> <span class='ocrx_word' id='word_1_60' title='bbox 383 1650 453 1719; x_wconf 92' lang='lat' dir='ltr'><strong>qna</strong></span> <span class='ocrx_word' id='word_1_61' title='bbox 480 1628 728 1722; x_wconf 87' lang='lat' dir='ltr'><strong>pronunciavit</strong></span> <span class='ocrx_word' id='word_1_62' title='bbox 759 1627 959 1722; x_wconf 79' lang='lat' dir='ltr'><strong>litigantem</strong></span> <span class='ocrx_word' id='word_1_63' title='bbox 989 1630 1026 1700; x_wconf 92' lang='lat' dir='ltr'><strong>in</strong></span> <span class='ocrx_word' id='word_1_64' title='bbox 1058 1653 1196 1724; x_wconf 86' lang='lat' dir='ltr'><strong>poenam</strong></span> 
     </span>
     <span class='ocr_line' id='line_1_12' title="bbox 142 1743 1198 1839; baseline 0.003 -24"><span class='ocrx_word' id='word_1_65' title='bbox 142 1745 234 1837; x_wconf 85' lang='lat' dir='ltr'><strong>juris</strong></span> <span class='ocrx_word' id='word_1_66' title='bbox 257 1744 429 1816; x_wconf 78' lang='lat' dir='ltr'><strong>incidisse.</strong></span> <span class='ocrx_word' id='word_1_67' title='bbox 482 1743 525 1814; x_wconf 95' lang='lat' dir='ltr'><strong>In</strong></span> <span class='ocrx_word' id='word_1_68' title='bbox 556 1743 730 1826; x_wconf 88' lang='lat' dir='ltr'><strong>omnibns,</strong></span> <span class='ocrx_word' id='word_1_69' title='bbox 758 1744 794 1814; x_wconf 94' lang='lat' dir='ltr'><strong>in</strong></span> <span class='ocrx_word' id='word_1_70' title='bbox 821 1745 949 1837; x_wconf 90' lang='lat' dir='ltr'><strong>quibus</strong></span> <span class='ocrx_word' id='word_1_71' title='bbox 970 1746 1052 1838; x_wconf 87' lang='lat' dir='ltr'><strong>jura</strong></span> <span class='ocrx_word' id='word_1_72' title='bbox 1080 1747 1198 1839; x_wconf 90' lang='lat' dir='ltr'><strong>prohi-</strong></span> 
     </span>
     <span class='ocr_line' id='line_1_13' title="bbox 149 1860 1196 1954; baseline 0.002 -23"><span class='ocrx_word' id='word_1_73' title='bbox 149 1861 236 1931; x_wconf 86' lang='lat' dir='ltr'><strong>bent</strong></span> <span class='ocrx_word' id='word_1_74' title='bbox 265 1860 549 1953; x_wconf 86' lang='lat' dir='ltr'><strong>appellationem,</strong></span> <span class='ocrx_word' id='word_1_75' title='bbox 573 1860 686 1952; x_wconf 89' lang='lat' dir='ltr'><strong>judex</strong></span> <span class='ocrx_word' id='word_1_76' title='bbox 718 1882 787 1930; x_wconf 92' lang='lat' dir='ltr'><strong>non</strong></span> <span class='ocrx_word' id='word_1_77' title='bbox 818 1861 957 1954; x_wconf 80' lang='lat' dir='ltr'><strong>cogitur</strong></span> <span class='ocrx_word' id='word_1_78' title='bbox 986 1862 1019 1931; x_wconf 90' lang='lat' dir='ltr'><strong>ei</strong></span> <span class='ocrx_word' id='word_1_79' title='bbox 1050 1862 1196 1946; x_wconf 84' lang='lat' dir='ltr'><strong>deferre,</strong></span> 
     </span>
     <span class='ocr_line' id='line_1_14' title="bbox 149 1977 1197 2071; baseline 0.001 -23"><span class='ocrx_word' id='word_1_80' title='bbox 149 1999 231 2048; x_wconf 88' lang='lat' dir='ltr'><strong>oum</strong></span> <span class='ocrx_word' id='word_1_81' title='bbox 265 1977 511 2070; x_wconf 85' lang='lat' dir='ltr'><strong>interponitur,</strong></span> <span class='ocrx_word' id='word_1_82' title='bbox 546 1977 612 2047; x_wconf 90' lang='lat' dir='ltr'><strong>nisi</strong></span> <span class='ocrx_word' id='word_1_83' title='bbox 647 1999 751 2046; x_wconf 89' lang='lat' dir='ltr'><strong>causa</strong></span> <span class='ocrx_word' id='word_1_84' title='bbox 788 1977 918 2047; x_wconf 85' lang='lat' dir='ltr'><strong>diserte</strong></span> <span class='ocrx_word' id='word_1_85' title='bbox 952 1979 1197 2071; x_wconf 79' lang='lat' dir='ltr'><strong>exprimatu13</strong></span> 
     </span>
     <span class='ocr_line' id='line_1_15' title="bbox 148 2091 1198 2185; baseline 0.006 -23"><span class='ocrx_word' id='word_1_86' title='bbox 148 2100 256 2184; x_wconf 86' lang='lat' dir='ltr'><strong>atque</strong></span> <span class='ocrx_word' id='word_1_87' title='bbox 290 2095 358 2163; x_wconf 91' lang='lat' dir='ltr'><strong>isto</strong></span> <span class='ocrx_word' id='word_1_88' title='bbox 392 2116 475 2164; x_wconf 86' lang='lat' dir='ltr'><strong>casu</strong></span> <span class='ocrx_word' id='word_1_89' title='bbox 508 2091 719 2185; x_wconf 88' lang='lat' dir='ltr'><strong>appellando</strong></span> <span class='ocrx_word' id='word_1_90' title='bbox 753 2116 774 2162; x_wconf 93' lang='lat' dir='ltr'><strong>a</strong></span> <span class='ocrx_word' id='word_1_91' title='bbox 808 2093 989 2166; x_wconf 85' lang='lat' dir='ltr'><strong>definitiva</strong></span> <span class='ocrx_word' id='word_1_92' title='bbox 1022 2097 1198 2169; x_wconf 89' lang='lat' dir='ltr'><strong>sententia</strong></span> 
     </span>
     <span class='ocr_line' id='line_1_16' title="bbox 149 2208 1197 2300; baseline 0.003 -22"><span class='ocrx_word' id='word_1_93' title='bbox 149 2229 289 2278; x_wconf 87' lang='lat' dir='ltr'><strong>oausam</strong></span> <span class='ocrx_word' id='word_1_94' title='bbox 319 2208 517 2300; x_wconf 84' lang='lat' dir='ltr'><strong>exprimere</strong></span> <span class='ocrx_word' id='word_1_95' title='bbox 547 2208 783 2278; x_wconf 88' lang='lat' dir='ltr'><strong>necessarium</strong></span> <span class='ocrx_word' id='word_1_96' title='bbox 815 2218 879 2290; x_wconf 89' lang='lat' dir='ltr'><strong>est,</strong></span> <span class='ocrx_word' id='word_1_97' title='bbox 905 2232 987 2278; x_wconf 85' lang='lat' dir='ltr'><strong>curn</strong></span> <span class='ocrx_word' id='word_1_98' title='bbox 1012 2210 1099 2280; x_wconf 91' lang='lat' dir='ltr'><strong>alias</strong></span> <span class='ocrx_word' id='word_1_99' title='bbox 1126 2234 1197 2281; x_wconf 93' lang='lat' dir='ltr'><strong>non</strong></span> 
     </span>
     <span class='ocr_line' id='line_1_17' title="bbox 149 2321 1199 2416; baseline 0.006 -24"><span class='ocrx_word' id='word_1_100' title='bbox 149 2322 357 2415; x_wconf 89' lang='lat' dir='ltr'><strong>requiratur.</strong></span> <span class='ocrx_word' id='word_1_101' title='bbox 409 2321 469 2393; x_wconf 86' lang='lat' dir='ltr'><strong>Ad</strong></span> <span class='ocrx_word' id='word_1_102' title='bbox 498 2323 573 2394; x_wconf 86' lang='lat' dir='ltr'><strong>haec</strong></span> <span class='ocrx_word' id='word_1_103' title='bbox 601 2323 637 2393; x_wconf 93' lang='lat' dir='ltr'><strong>in</strong></span> <span class='ocrx_word' id='word_1_104' title='bbox 668 2323 733 2405; x_wconf 82' lang='lat' dir='ltr'><strong>his,</strong></span> <span class='ocrx_word' id='word_1_105' title='bbox 760 2346 842 2416; x_wconf 87' lang='lat' dir='ltr'><strong>qnae</strong></span> <span class='ocrx_word' id='word_1_106' title='bbox 871 2321 1076 2396; x_wconf 87' lang='lat' dir='ltr'><strong>dilationem</strong></span> <span class='ocrx_word' id='word_1_107' title='bbox 1107 2335 1199 2398; x_wconf 88' lang='lat' dir='ltr'><strong>tem·</strong></span> 
     </span>
     <span class='ocr_line' id='line_1_18' title="bbox 149 2440 1197 2535; baseline 0.005 -25"><span class='ocrx_word' id='word_1_108' title='bbox 149 2441 242 2533; x_wconf 90' lang='lat' dir='ltr'><strong>poris</strong></span> <span class='ocrx_word' id='word_1_109' title='bbox 266 2462 336 2509; x_wconf 91' lang='lat' dir='ltr'><strong>non</strong></span> <span class='ocrx_word' id='word_1_110' title='bbox 363 2440 570 2523; x_wconf 90' lang='lat' dir='ltr'><strong>admittunt,</strong></span> <span class='ocrx_word' id='word_1_111' title='bbox 592 2440 784 2532; x_wconf 88' lang='lat' dir='ltr'><strong>appellatio</strong></span> <span class='ocrx_word' id='word_1_112' title='bbox 809 2463 880 2509; x_wconf 91' lang='lat' dir='ltr'><strong>non</strong></span> <span class='ocrx_word' id='word_1_113' title='bbox 905 2441 1104 2535; x_wconf 83' lang='lat' dir='ltr'><strong>recipiatur.</strong></span> <span class='ocrx_word' id='word_1_114' title='bbox 1157 2442 1197 2515; x_wconf 90' lang='lat' dir='ltr'><strong>Si</strong></span> 
     </span>
     <span class='ocr_line' id='line_1_19' title="bbox 148 2554 1199 2649; baseline 0.003 -23"><span class='ocrx_word' id='word_1_115' title='bbox 148 2554 338 2649; x_wconf 88' lang='lat' dir='ltr'><strong>appellatio</strong></span> <span class='ocrx_word' id='word_1_116' title='bbox 365 2565 420 2625; x_wconf 87' lang='lat' dir='ltr'><strong>eat</strong></span> <span class='ocrx_word' id='word_1_117' title='bbox 451 2556 638 2626; x_wconf 88' lang='lat' dir='ltr'><strong>manifeste</strong></span> <span class='ocrx_word' id='word_1_118' title='bbox 664 2554 801 2635; x_wconf 87' lang='lat' dir='ltr'><strong>frivola,</strong></span> <span class='ocrx_word' id='word_1_119' title='bbox 820 2554 934 2646; x_wconf 89' lang='lat' dir='ltr'><strong>judex</strong></span> <span class='ocrx_word' id='word_1_120' title='bbox 965 2579 1045 2626; x_wconf 85' lang='lat' dir='ltr'><strong>eam</strong></span> <span class='ocrx_word' id='word_1_121' title='bbox 1070 2557 1199 2629; x_wconf 91' lang='lat' dir='ltr'><strong>admit·</strong></span> 
     </span>
     <span class='ocr_line' id='line_1_20' title="bbox 149 2669 1199 2765; baseline -0.001 -22"><span class='ocrx_word' id='word_1_122' title='bbox 149 2671 258 2743; x_wconf 87' lang='lat' dir='ltr'><strong>tendo</strong></span> <span class='ocrx_word' id='word_1_123' title='bbox 286 2694 356 2741; x_wconf 92' lang='lat' dir='ltr'><strong>non</strong></span> <span class='ocrx_word' id='word_1_124' title='bbox 383 2681 480 2742; x_wconf 86' lang='lat' dir='ltr'><strong>recte</strong></span> <span class='ocrx_word' id='word_1_125' title='bbox 507 2672 593 2765; x_wconf 81' lang='lat' dir='ltr'><strong>agit.</strong></span> <span class='ocrx_word' id='word_1_126' title='bbox 645 2669 766 2741; x_wconf 83' lang='lat' dir='ltr'><strong>Tertio</strong></span> <span class='ocrx_word' id='word_1_127' title='bbox 795 2669 973 2763; x_wconf 89' lang='lat' dir='ltr'><strong>appellare</strong></span> <span class='ocrx_word' id='word_1_128' title='bbox 998 2671 1044 2742; x_wconf 86' lang='lat' dir='ltr'><strong>ab</strong></span> <span class='ocrx_word' id='word_1_129' title='bbox 1071 2674 1199 2745; x_wconf 90' lang='lat' dir='ltr'><strong>eodem</strong></span> 
     </span>
     <span class='ocr_line' id='line_1_21' title="bbox 148 2787 1199 2861; baseline 0 0"><span class='ocrx_word' id='word_1_130' title='bbox 148 2787 297 2861; x_wconf 85' lang='lat' dir='ltr'><strong>articulo</strong></span> <span class='ocrx_word' id='word_1_131' title='bbox 317 2787 374 2859; x_wconf 86' lang='lat' dir='ltr'><strong>vel</strong></span> <span class='ocrx_word' id='word_1_132' title='bbox 399 2788 445 2859; x_wconf 92' lang='lat' dir='ltr'><strong>ab</strong></span> <span class='ocrx_word' id='word_1_133' title='bbox 468 2788 593 2858; x_wconf 91' lang='lat' dir='ltr'><strong>eadem</strong></span> <span class='ocrx_word' id='word_1_134' title='bbox 615 2787 793 2857; x_wconf 87' lang='lat' dir='ltr'><strong>sententia</strong></span> <span class='ocrx_word' id='word_1_135' title='bbox 816 2810 886 2857; x_wconf 93' lang='lat' dir='ltr'><strong>non</strong></span> <span class='ocrx_word' id='word_1_136' title='bbox 911 2787 1008 2859; x_wconf 87' lang='lat' dir='ltr'><strong>licet.</strong></span> <span class='ocrx_word' id='word_1_137' title='bbox 1060 2788 1121 2860; x_wconf 86' lang='lat' dir='ltr'><strong>Ab</strong></span> <span class='ocrx_word' id='word_1_138' title='bbox 1146 2814 1199 2861; x_wconf 88' lang='lat' dir='ltr'><strong>ar-</strong></span> 
     </span>
     <span class='ocr_line' id='line_1_22' title="bbox 149 2902 1198 2998; baseline 0.002 -22"><span class='ocrx_word' id='word_1_139' title='bbox 149 2907 253 2978; x_wconf 90' lang='lat' dir='ltr'><strong>bitrio</strong></span> <span class='ocrx_word' id='word_1_140' title='bbox 282 2904 460 2998; x_wconf 89' lang='lat' dir='ltr'><strong>appellare</strong></span> <span class='ocrx_word' id='word_1_141' title='bbox 489 2905 598 2976; x_wconf 87' lang='lat' dir='ltr'><strong>etiam</strong></span> <span class='ocrx_word' id='word_1_142' title='bbox 629 2926 700 2973; x_wconf 93' lang='lat' dir='ltr'><strong>non</strong></span> <span class='ocrx_word' id='word_1_143' title='bbox 730 2902 825 2984; x_wconf 89' lang='lat' dir='ltr'><strong>licet,</strong></span> <span class='ocrx_word' id='word_1_144' title='bbox 853 2926 970 2996; x_wconf 84' lang='lat' dir='ltr'><strong>neque</strong></span> <span class='ocrx_word' id='word_1_145' title='bbox 998 2907 1033 2976; x_wconf 91' lang='lat' dir='ltr'><strong>in</strong></span> <span class='ocrx_word' id='word_1_146' title='bbox 1063 2908 1198 2978; x_wconf 90' lang='lat' dir='ltr'><strong>enormi</strong></span> 
     </span>
     <span class='ocr_line' id='line_1_23' title="bbox 148 3018 1197 3116; baseline 0.001 -24"><span class='ocrx_word' id='word_1_147' title='bbox 148 3030 185 3092; x_wconf 87' lang='lat' dir='ltr'><strong>et</strong></span> <span class='ocrx_word' id='word_1_148' title='bbox 207 3021 304 3116; x_wconf 80' lang='lat' dir='ltr'><strong>gravi</strong></span> <span class='ocrx_word' id='word_1_149' title='bbox 327 3019 469 3091; x_wconf 87' lang='lat' dir='ltr'><strong>scelere.</strong></span> <span class='ocrx_word' id='word_1_150' title='bbox 521 3019 592 3103; x_wconf 87' lang='lat' dir='ltr'><strong>Qui</strong></span> <span class='ocrx_word' id='word_1_151' title='bbox 616 3018 771 3111; x_wconf 89' lang='lat' dir='ltr'><strong>appellat</strong></span> <span class='ocrx_word' id='word_1_152' title='bbox 789 3029 868 3113; x_wconf 87' lang='lat' dir='ltr'><strong>post</strong></span> <span class='ocrx_word' id='word_1_153' title='bbox 886 3019 1010 3092; x_wconf 90' lang='lat' dir='ltr'><strong>decem</strong></span> <span class='ocrx_word' id='word_1_154' title='bbox 1028 3022 1103 3093; x_wconf 91' lang='lat' dir='ltr'><strong>dies</strong></span> <span class='ocrx_word' id='word_1_155' title='bbox 1126 3045 1197 3093; x_wconf 91' lang='lat' dir='ltr'><strong>non</strong></span> 
     </span>
     <span class='ocr_line' id='line_1_24' title="bbox 147 3134 1198 3230; baseline 0.004 -24"><span class='ocrx_word' id='word_1_156' title='bbox 147 3137 310 3208; x_wconf 87' lang='lat' dir='ltr'><strong>audiatur</strong></span> <span class='ocrx_word' id='word_1_157' title='bbox 339 3158 402 3227; x_wconf 88' lang='lat' dir='ltr'><strong>per</strong></span> <span class='ocrx_word' id='word_1_158' title='bbox 432 3135 523 3205; x_wconf 91' lang='lat' dir='ltr'><strong>viam</strong></span> <span class='ocrx_word' id='word_1_159' title='bbox 555 3134 811 3228; x_wconf 80' lang='lat' dir='ltr'><strong>appellationis,</strong></span> <span class='ocrx_word' id='word_1_160' title='bbox 840 3137 1001 3229; x_wconf 89' lang='lat' dir='ltr'><strong>quamvis</strong></span> <span class='ocrx_word' id='word_1_161' title='bbox 1030 3140 1198 3230; x_wconf 87' lang='lat' dir='ltr'><strong>conqueri</strong></span> 
     </span>
     <span class='ocr_line' id='line_1_25' title="bbox 147 3251 1198 3347; baseline 0.003 -24"><span class='ocrx_word' id='word_1_162' title='bbox 147 3253 267 3345; x_wconf 87' lang='lat' dir='ltr'><strong>possit,</strong></span> <span class='ocrx_word' id='word_1_163' title='bbox 294 3263 332 3322; x_wconf 90' lang='lat' dir='ltr'><strong>et</strong></span> <span class='ocrx_word' id='word_1_164' title='bbox 357 3251 426 3322; x_wconf 93' lang='lat' dir='ltr'><strong>alia</strong></span> <span class='ocrx_word' id='word_1_165' title='bbox 455 3253 592 3322; x_wconf 88' lang='lat' dir='ltr'><strong>ratione</strong></span> <span class='ocrx_word' id='word_1_166' title='bbox 619 3276 735 3347; x_wconf 82' lang='lat' dir='ltr'><strong>agere,</strong></span> <span class='ocrx_word' id='word_1_167' title='bbox 762 3262 802 3323; x_wconf 89' lang='grc' dir='ltr'><strong>ιιι</strong></span> <span class='ocrx_word' id='word_1_168' title='bbox 829 3255 865 3323; x_wconf 88' lang='lat' dir='ltr'><strong>in</strong></span> <span class='ocrx_word' id='word_1_169' title='bbox 896 3255 1073 3347; x_wconf 80' lang='lat' dir='ltr'><strong>integrum</strong></span> <span class='ocrx_word' id='word_1_170' title='bbox 1098 3256 1198 3326; x_wconf 88' lang='lat' dir='ltr'><strong>resti-</strong></span> 
     </span>
     <span class='ocr_line' id='line_1_26' title="bbox 147 3368 1196 3463; baseline 0.003 -24"><span class='ocrx_word' id='word_1_171' title='bbox 147 3379 278 3440; x_wconf 87' lang='lat' dir='ltr'><strong>tuatur.</strong></span> <span class='ocrx_word' id='word_1_172' title='bbox 341 3368 385 3439; x_wconf 94' lang='lat' dir='ltr'><strong>In</strong></span> <span class='ocrx_word' id='word_1_173' title='bbox 416 3369 578 3440; x_wconf 85' lang='lat' dir='ltr'><strong>civilibus</strong></span> <span class='ocrx_word' id='word_1_174' title='bbox 608 3392 699 3440; x_wconf 86' lang='lat' dir='ltr'><strong>unua</strong></span> <span class='ocrx_word' id='word_1_175' title='bbox 729 3392 792 3459; x_wconf 92' lang='lat' dir='ltr'><strong>pro</strong></span> <span class='ocrx_word' id='word_1_176' title='bbox 825 3369 895 3439; x_wconf 92' lang='lat' dir='ltr'><strong>alio</strong></span> <span class='ocrx_word' id='word_1_177' title='bbox 931 3392 1001 3439; x_wconf 90' lang='lat' dir='ltr'><strong>non</strong></span> <span class='ocrx_word' id='word_1_178' title='bbox 1031 3370 1196 3463; x_wconf 89' lang='lat' dir='ltr'><strong>appellat,</strong></span> 
     </span>
     <span class='ocr_line' id='line_1_27' title="bbox 147 3485 1197 3580; baseline 0.002 -23"><span class='ocrx_word' id='word_1_179' title='bbox 147 3487 212 3557; x_wconf 90' lang='lat' dir='ltr'><strong>nisi</strong></span> <span class='ocrx_word' id='word_1_180' title='bbox 240 3488 317 3580; x_wconf 89' lang='lat' dir='ltr'><strong>ejus</strong></span> <span class='ocrx_word' id='word_1_181' title='bbox 349 3486 498 3556; x_wconf 90' lang='lat' dir='ltr'><strong>intersit.</strong></span> <span class='ocrx_word' id='word_1_182' title='bbox 560 3485 652 3556; x_wconf 91' lang='lat' dir='ltr'><strong>Cum</strong></span> <span class='ocrx_word' id='word_1_183' title='bbox 687 3487 766 3578; x_wconf 86' lang='lat' dir='ltr'><strong>quia</strong></span> <span class='ocrx_word' id='word_1_184' title='bbox 796 3485 988 3577; x_wconf 90' lang='lat' dir='ltr'><strong>injudicio</strong></span> <span class='ocrx_word' id='word_1_185' title='bbox 1019 3486 1197 3559; x_wconf 86' lang='lat' dir='ltr'><strong>confessus</strong></span> 
     </span>
     <span class='ocr_line' id='line_1_28' title="bbox 147 3600 1197 3696; baseline 0.002 -23"><span class='ocrx_word' id='word_1_186' title='bbox 147 3602 265 3684; x_wconf 81' lang='lat' dir='ltr'><strong>fuerit,</strong></span> <span class='ocrx_word' id='word_1_187' title='bbox 299 3625 371 3672; x_wconf 93' lang='lat' dir='ltr'><strong>non</strong></span> <span class='ocrx_word' id='word_1_188' title='bbox 404 3603 607 3673; x_wconf 87' lang='lat' dir='ltr'><strong>admittitur</strong></span> <span class='ocrx_word' id='word_1_189' title='bbox 644 3602 721 3693; x_wconf 88' lang='lat' dir='ltr'><strong>ejus</strong></span> <span class='ocrx_word' id='word_1_190' title='bbox 758 3600 959 3694; x_wconf 81' lang='lat' dir='ltr'><strong>appellatio,</strong></span> <span class='ocrx_word' id='word_1_191' title='bbox 994 3603 1100 3673; x_wconf 92' lang='lat' dir='ltr'><strong>modo</strong></span> <span class='ocrx_word' id='word_1_192' title='bbox 1133 3626 1197 3696; x_wconf 86' lang='lat' dir='ltr'><strong>per</strong></span> 
     </span>
     <span class='ocr_line' id='line_1_29' title="bbox 146 3719 1196 3812; baseline 0 -22"><span class='ocrx_word' id='word_1_193' title='bbox 146 3720 300 3812; x_wconf 87' lang='lat' dir='ltr'><strong>seipsum</strong></span> <span class='ocrx_word' id='word_1_194' title='bbox 325 3742 396 3790; x_wconf 92' lang='lat' dir='ltr'><strong>non</strong></span> <span class='ocrx_word' id='word_1_195' title='bbox 421 3741 484 3812; x_wconf 89' lang='lat' dir='ltr'><strong>per</strong></span> <span class='ocrx_word' id='word_1_196' title='bbox 509 3727 771 3810; x_wconf 89' lang='lat' dir='ltr'><strong>procuratorem</strong></span> <span class='ocrx_word' id='word_1_197' title='bbox 799 3719 845 3789; x_wconf 91' lang='lat' dir='ltr'><strong>sit</strong></span> <span class='ocrx_word' id='word_1_198' title='bbox 871 3719 1062 3801; x_wconf 83' lang='lat' dir='ltr'><strong>confessus,</strong></span> <span class='ocrx_word' id='word_1_199' title='bbox 1080 3742 1196 3811; x_wconf 88' lang='lat' dir='ltr'><strong>neque</strong></span> 
     </span>
     <span class='ocr_line' id='line_1_30' title="bbox 145 3835 1194 3928; baseline -0.001 -22"><span class='ocrx_word' id='word_1_200' title='bbox 145 3835 316 3907; x_wconf 85' lang='lat' dir='ltr'><strong>confessio</strong></span> <span class='ocrx_word' id='word_1_201' title='bbox 345 3858 409 3928; x_wconf 90' lang='lat' dir='ltr'><strong>per</strong></span> <span class='ocrx_word' id='word_1_202' title='bbox 439 3843 617 3905; x_wconf 90' lang='lat' dir='ltr'><strong>tormenta</strong></span> <span class='ocrx_word' id='word_1_203' title='bbox 643 3844 706 3907; x_wconf 88' lang='lat' dir='ltr'><strong>aut</strong></span> <span class='ocrx_word' id='word_1_204' title='bbox 736 3857 860 3905; x_wconf 88' lang='lat' dir='ltr'><strong>eorum</strong></span> <span class='ocrx_word' id='word_1_205' title='bbox 890 3844 1027 3905; x_wconf 89' lang='lat' dir='ltr'><strong>metum</strong></span> <span class='ocrx_word' id='word_1_206' title='bbox 1056 3837 1103 3904; x_wconf 88' lang='lat' dir='ltr'><strong>sit</strong></span> <span class='ocrx_word' id='word_1_207' title='bbox 1133 3858 1194 3905; x_wconf 88' lang='lat' dir='ltr'><strong>ex-</strong></span> 
     </span>
     <span class='ocr_line' id='line_1_31' title="bbox 145 3949 1194 4043; baseline -0.001 -21"><span class='ocrx_word' id='word_1_208' title='bbox 145 3961 260 4023; x_wconf 88' lang='lat' dir='ltr'><strong>torta:</strong></span> <span class='ocrx_word' id='word_1_209' title='bbox 287 3953 359 4022; x_wconf 90' lang='lat' dir='ltr'><strong>imo</strong></span> <span class='ocrx_word' id='word_1_210' title='bbox 384 3951 493 4022; x_wconf 91' lang='lat' dir='ltr'><strong>etiam</strong></span> <span class='ocrx_word' id='word_1_211' title='bbox 520 3952 555 4022; x_wconf 91' lang='lat' dir='ltr'><strong>id</strong></span> <span class='ocrx_word' id='word_1_212' title='bbox 583 3952 781 4043; x_wconf 88' lang='lat' dir='ltr'><strong>requiritur,</strong></span> <span class='ocrx_word' id='word_1_213' title='bbox 802 3958 844 4020; x_wconf 91' lang='lat' dir='ltr'><strong>ut</strong></span> <span class='ocrx_word' id='word_1_214' title='bbox 869 3949 915 4020; x_wconf 91' lang='lat' dir='ltr'><strong>de</strong></span> <span class='ocrx_word' id='word_1_215' title='bbox 940 3973 994 4034; x_wconf 90' lang='lat' dir='ltr'><strong>eo,</strong></span> <span class='ocrx_word' id='word_1_216' title='bbox 1018 3950 1112 4041; x_wconf 92' lang='lat' dir='ltr'><strong>quod</strong></span> <span class='ocrx_word' id='word_1_217' title='bbox 1139 3959 1194 4021; x_wconf 88' lang='lat' dir='ltr'><strong>est</strong></span> 
     </span>
     <span class='ocr_line' id='line_1_32' title="bbox 144 4064 1270 4160; baseline -0.005 -20"><span class='ocrx_word' id='word_1_218' title='bbox 144 4069 323 4141; x_wconf 87' lang='lat' dir='ltr'><strong>confossus</strong></span> <span class='ocrx_word' id='word_1_219' title='bbox 348 4069 385 4139; x_wconf 91' lang='lat' dir='ltr'><strong>in</strong></span> <span class='ocrx_word' id='word_1_220' title='bbox 405 4069 552 4160; x_wconf 91' lang='lat' dir='ltr'><strong>judicio,</strong></span> <span class='ocrx_word' id='word_1_221' title='bbox 576 4069 621 4138; x_wconf 88' lang='lat' dir='ltr'><strong>sit</strong></span> <span class='ocrx_word' id='word_1_222' title='bbox 647 4068 838 4137; x_wconf 86' lang='lat' dir='ltr'><strong>convictus.</strong></span> <span class='ocrx_word' id='word_1_223' title='bbox 892 4064 941 4136; x_wconf 87' lang='lat' dir='ltr'><strong>Et</strong></span> <span class='ocrx_word' id='word_1_224' title='bbox 965 4065 1192 4160; x_wconf 88' lang='lat' dir='ltr'><strong>appellationi</strong></span> <span class='ocrx_word' id='word_1_225' title='bbox 1212 4086 1270 4150; x_wconf 84' lang='lat'><strong>142</strong></span> 
     </span>
     <span class='ocr_line' id='line_1_33' title="bbox 145 4182 1193 4278; baseline -0.002 -23"><span class='ocrx_word' id='word_1_226' title='bbox 145 4186 280 4258; x_wconf 85' lang='lat' dir='ltr'><strong>foventi</strong></span> <span class='ocrx_word' id='word_1_227' title='bbox 319 4186 473 4278; x_wconf 84' lang='lat' dir='ltr'><strong>aliquam</strong></span> <span class='ocrx_word' id='word_1_228' title='bbox 510 4184 718 4276; x_wconf 88' lang='lat' dir='ltr'><strong>injustitiam</strong></span> <span class='ocrx_word' id='word_1_229' title='bbox 753 4182 809 4253; x_wconf 85' lang='lat' dir='ltr'><strong>vel</strong></span> <span class='ocrx_word' id='word_1_230' title='bbox 844 4183 1067 4274; x_wconf 88' lang='lat' dir='ltr'><strong>iniquitatem</strong></span> <span class='ocrx_word' id='word_1_231' title='bbox 1103 4205 1193 4254; x_wconf 92' lang='lat' dir='ltr'><strong>nun·</strong></span> 
     </span>
    </p>
   </div>
   <div class='ocr_carea' id='block_1_5' title="bbox 410 4318 923 4383">
    <p class='ocr_par' dir='ltr' id='par_1_5' title="bbox 410 4318 923 4383">
     <span class='ocr_line' id='line_1_34' title="bbox 410 4318 923 4383; baseline -0.01 0"><span class='ocrx_word' id='word_1_232' title='bbox 410 4324 418 4363; x_wconf 90' lang='lat'><strong>¹</strong></span> <span class='ocrx_word' id='word_1_233' title='bbox 434 4326 525 4383; x_wconf 87' lang='lat' dir='ltr'><strong>unica.</strong></span> <span class='ocrx_word' id='word_1_234' title='bbox 771 4318 784 4357; x_wconf 87' lang='lat'>²</span> <span class='ocrx_word' id='word_1_235' title='bbox 797 4321 923 4379; x_wconf 82' lang='lat' dir='ltr'><strong>notariis.</strong></span> 
     </span>
    </p>
   </div>
   <div class='ocr_carea' id='block_1_6' title="bbox 0 0 1350 4800">
    <p class='ocr_par' dir='ltr' id='par_1_6' title="bbox 0 0 1350 4800">
     <span class='ocr_line' id='line_1_35' title="bbox 0 0 1350 4800; baseline 0 1"><span class='ocrx_word' id='word_1_236' title='bbox 0 0 1350 4800; x_wconf 95' lang='lat' dir='ltr'><strong> </strong></span> 
     </span>
    </p>
   </div>
  </div>
 </body>
</html>
