<?xml version="1.0" encoding="UTF-8"?>
<!DOCTYPE html PUBLIC "-//W3C//DTD XHTML 1.0 Transitional//EN"
    "http://www.w3.org/TR/xhtml1/DTD/xhtml1-transitional.dtd">
<html xmlns="http://www.w3.org/1999/xhtml" xml:lang="en" lang="en">
 <head>
  <title>
</title>
<meta http-equiv="Content-Type" content="text/html;charset=utf-8" />
  <meta name='ocr-system' content='tesseract 3.04.00' />
  <meta name='ocr-capabilities' content='ocr_page ocr_carea ocr_par ocr_line ocrx_word'/>
</head>
<body>
  <div class='ocr_page' id='page_1' title='image "./reformationeccl01cardgoog_0192.png"; bbox 0 0 2692 4800; ppageno 0'>
   <div class='ocr_carea' id='block_1_1' title="bbox 559 289 1192 355">
    <p class='ocr_par' dir='ltr' id='par_1_1' title="bbox 559 289 1192 355">
     <span class='ocr_line' id='line_1_1' title="bbox 559 289 1192 355; baseline 0 -1"><span class='ocrx_word' id='word_1_1' title='bbox 559 303 783 355; x_wconf 77' lang='lat' dir='ltr'><strong>nannenus.</strong></span> <span class='ocrx_word' id='word_1_2' title='bbox 1121 289 1192 355; x_wconf 80' lang='lat'><strong>125</strong></span> 
     </span>
    </p>
   </div>
   <div class='ocr_carea' id='block_1_2' title="bbox 145 457 1194 1919">
    <p class='ocr_par' dir='ltr' id='par_1_2' title="bbox 145 457 1194 1919">
     <span class='ocr_line' id='line_1_2' title="bbox 146 457 1194 551; baseline -0.002 -21"><span class='ocrx_word' id='word_1_3' title='bbox 146 480 217 531; x_wconf 87' lang='lat' dir='ltr'><strong>mas</strong></span> <span class='ocrx_word' id='word_1_4' title='bbox 232 458 430 551; x_wconf 68' lang='lat' dir='ltr'><strong>adjudicari</strong></span> <span class='ocrx_word' id='word_1_5' title='bbox 447 459 575 551; x_wconf 72' lang='lat' dir='ltr'><strong>placet,</strong></span> <span class='ocrx_word' id='word_1_6' title='bbox 588 459 624 528; x_wconf 94' lang='lat' dir='ltr'><strong>in</strong></span> <span class='ocrx_word' id='word_1_7' title='bbox 642 481 713 550; x_wconf 92' lang='lat' dir='ltr'><strong>quo</strong></span> <span class='ocrx_word' id='word_1_8' title='bbox 730 457 949 549; x_wconf 89' lang='lat' dir='ltr'><strong>deprebensa</strong></span> <span class='ocrx_word' id='word_1_9' title='bbox 964 465 1047 527; x_wconf 90' lang='lat' dir='ltr'><strong>sunt</strong></span> <span class='ocrx_word' id='word_1_10' title='bbox 1060 459 1194 529; x_wconf 88' lang='lat' dir='ltr'><strong>anima·</strong></span> 
     </span>
     <span class='ocr_line' id='line_1_3' title="bbox 146 570 1193 669; baseline -0.002 -24"><span class='ocrx_word' id='word_1_11' title='bbox 146 573 189 646; x_wconf 89' lang='lat' dir='ltr'><strong>iia</strong></span> <span class='ocrx_word' id='word_1_12' title='bbox 205 574 373 669; x_wconf 81' lang='lat' dir='ltr'><strong>legitimo</strong></span> <span class='ocrx_word' id='word_1_13' title='bbox 389 575 606 645; x_wconf 89' lang='lat' dir='ltr'><strong>decimarum</strong></span> <span class='ocrx_word' id='word_1_14' title='bbox 624 582 795 666; x_wconf 88' lang='lat' dir='ltr'><strong>tempora.</strong></span> <span class='ocrx_word' id='word_1_15' title='bbox 847 570 940 641; x_wconf 88' lang='lat' dir='ltr'><strong>Cum</strong></span> <span class='ocrx_word' id='word_1_16' title='bbox 958 581 1079 642; x_wconf 86' lang='lat' dir='ltr'><strong>auteur</strong></span> <span class='ocrx_word' id='word_1_17' title='bbox 1097 594 1193 644; x_wconf 90' lang='lat' dir='ltr'><strong>com·</strong></span> 
     </span>
     <span class='ocr_line' id='line_1_4' title="bbox 145 687 1194 782; baseline 0 -22"><span class='ocrx_word' id='word_1_18' title='bbox 145 691 266 760; x_wconf 89' lang='lat' dir='ltr'><strong>munia</strong></span> <span class='ocrx_word' id='word_1_19' title='bbox 283 689 421 760; x_wconf 88' lang='lat' dir='ltr'><strong>duabus</strong></span> <span class='ocrx_word' id='word_1_20' title='bbox 438 698 501 760; x_wconf 87' lang='lat' dir='ltr'><strong>aut</strong></span> <span class='ocrx_word' id='word_1_21' title='bbox 518 689 677 782; x_wconf 92' lang='lat' dir='ltr'><strong>pluribus</strong></span> <span class='ocrx_word' id='word_1_22' title='bbox 699 687 871 781; x_wconf 88' lang='lat' dir='ltr'><strong>parochiis</strong></span> <span class='ocrx_word' id='word_1_23' title='bbox 894 710 1023 781; x_wconf 87' lang='lat' dir='ltr'><strong>pascua</strong></span> <span class='ocrx_word' id='word_1_24' title='bbox 1045 698 1138 770; x_wconf 81' lang='lat' dir='ltr'><strong>sunt,</strong></span> <span class='ocrx_word' id='word_1_25' title='bbox 1156 690 1194 760; x_wconf 89' lang='lat' dir='ltr'><strong>iu</strong></span> 
     </span>
     <span class='ocr_line' id='line_1_5' title="bbox 146 803 1193 898; baseline 0 -24"><span class='ocrx_word' id='word_1_26' title='bbox 146 804 274 897; x_wconf 89' lang='lat' dir='ltr'><strong>quibus</strong></span> <span class='ocrx_word' id='word_1_27' title='bbox 299 804 446 897; x_wconf 85' lang='lat' dir='ltr'><strong>sparsim</strong></span> <span class='ocrx_word' id='word_1_28' title='bbox 471 803 638 875; x_wconf 86' lang='lat' dir='ltr'><strong>animalia</strong></span> <span class='ocrx_word' id='word_1_29' title='bbox 659 804 804 898; x_wconf 71' lang='lat' dir='ltr'><strong>degunt,</strong></span> <span class='ocrx_word' id='word_1_30' title='bbox 821 811 884 874; x_wconf 92' lang='lat' dir='ltr'><strong>aut</strong></span> <span class='ocrx_word' id='word_1_31' title='bbox 909 804 938 874; x_wconf 89' lang='lat' dir='ltr'><strong>si</strong></span> <span class='ocrx_word' id='word_1_32' title='bbox 963 812 1069 875; x_wconf 86' lang='lat' dir='ltr'><strong>terrae</strong></span> <span class='ocrx_word' id='word_1_33' title='bbox 1087 812 1193 874; x_wconf 83' lang='lat' dir='ltr'><strong>vastoe</strong></span> 
     </span>
     <span class='ocr_line' id='line_1_6' title="bbox 146 917 1193 1011; baseline 0 -22"><span class='ocrx_word' id='word_1_34' title='bbox 146 921 215 990; x_wconf 83' lang='lat' dir='ltr'><strong>siut</strong></span> <span class='ocrx_word' id='word_1_35' title='bbox 231 928 273 989; x_wconf 89' lang='lat' dir='ltr'><strong>et</strong></span> <span class='ocrx_word' id='word_1_36' title='bbox 286 917 469 1011; x_wconf 88' lang='lat' dir='ltr'><strong>pubiicum</strong></span> <span class='ocrx_word' id='word_1_37' title='bbox 484 942 587 990; x_wconf 91' lang='lat' dir='ltr'><strong>usum</strong></span> <span class='ocrx_word' id='word_1_38' title='bbox 600 918 783 1000; x_wconf 80' lang='lat' dir='ltr'>habentes,</span> <span class='ocrx_word' id='word_1_39' title='bbox 797 939 883 1009; x_wconf 90' lang='lat' dir='ltr'><strong>quas</strong></span> <span class='ocrx_word' id='word_1_40' title='bbox 900 926 1020 990; x_wconf 89' lang='lat' dir='ltr'><strong>nostro</strong></span> <span class='ocrx_word' id='word_1_41' title='bbox 1033 940 1193 989; x_wconf 89' lang='lat' dir='ltr'><strong>sermone</strong></span> 
     </span>
     <span class='ocr_line' id='line_1_7' title="bbox 147 1032 1193 1132; baseline -0.001 -27"><span class='ocrx_word' id='word_1_42' title='bbox 147 1034 297 1106; x_wconf 81' lang='lat' dir='ltr'><strong>dicimus</strong></span> <span class='ocrx_word' id='word_1_43' title='bbox 313 1041 417 1106; x_wconf 73' lang='lat' dir='ltr'><strong>warte</strong></span> <span class='ocrx_word' id='word_1_44' title='bbox 429 1033 596 1132; x_wconf 73' lang='lat' dir='ltr'><strong>prounde,</strong></span> <span class='ocrx_word' id='word_1_45' title='bbox 614 1035 651 1104; x_wconf 92' lang='lat' dir='ltr'><strong>iu</strong></span> <span class='ocrx_word' id='word_1_46' title='bbox 668 1034 796 1127; x_wconf 90' lang='lat' dir='ltr'><strong>quibus</strong></span> <span class='ocrx_word' id='word_1_47' title='bbox 813 1032 950 1103; x_wconf 90' lang='lat' dir='ltr'><strong>nullum</strong></span> <span class='ocrx_word' id='word_1_48' title='bbox 974 1035 1021 1104; x_wconf 90' lang='lat' dir='ltr'><strong>sit</strong></span> <span class='ocrx_word' id='word_1_49' title='bbox 1039 1035 1193 1127; x_wconf 87' lang='lat' dir='ltr'><strong>proprie-</strong></span> 
     </span>
     <span class='ocr_line' id='line_1_8' title="bbox 147 1149 1193 1244; baseline -0.003 -21"><span class='ocrx_word' id='word_1_50' title='bbox 147 1153 229 1223; x_wconf 86' lang='lat' dir='ltr'><strong>tatis</strong></span> <span class='ocrx_word' id='word_1_51' title='bbox 248 1153 311 1244; x_wconf 92' lang='lat' dir='ltr'><strong>jus</strong></span> <span class='ocrx_word' id='word_1_52' title='bbox 328 1150 436 1224; x_wconf 91' lang='lat' dir='ltr'><strong>ullius</strong></span> <span class='ocrx_word' id='word_1_53' title='bbox 456 1161 561 1223; x_wconf 81' lang='lat' dir='ltr'><strong>certae</strong></span> <span class='ocrx_word' id='word_1_54' title='bbox 581 1151 763 1244; x_wconf 87' lang='lat' dir='ltr'><strong>paroeciae;</strong></span> <span class='ocrx_word' id='word_1_55' title='bbox 788 1160 852 1220; x_wconf 89' lang='lat' dir='ltr'><strong>aut</strong></span> <span class='ocrx_word' id='word_1_56' title='bbox 872 1151 1012 1242; x_wconf 90' lang='lat' dir='ltr'><strong>quando</strong></span> <span class='ocrx_word' id='word_1_57' title='bbox 1035 1149 1115 1220; x_wconf 89' lang='lat' dir='ltr'><strong>talis</strong></span> <span class='ocrx_word' id='word_1_58' title='bbox 1138 1159 1193 1222; x_wconf 88' lang='lat' dir='ltr'><strong>est</strong></span> 
     </span>
     <span class='ocr_line' id='line_1_9' title="bbox 148 1267 1194 1361; baseline -0.001 -25"><span class='ocrx_word' id='word_1_59' title='bbox 148 1267 340 1339; x_wconf 78' lang='lat' dir='ltr'><strong>vicinarum</strong></span> <span class='ocrx_word' id='word_1_60' title='bbox 359 1268 588 1361; x_wconf 77' lang='lat' dir='ltr'><strong>paroeciarum</strong></span> <span class='ocrx_word' id='word_1_61' title='bbox 606 1269 699 1337; x_wconf 89' lang='lat' dir='ltr'><strong>iuter</strong></span> <span class='ocrx_word' id='word_1_62' title='bbox 715 1289 753 1336; x_wconf 87' lang='lat' dir='ltr'><strong>se</strong></span> <span class='ocrx_word' id='word_1_63' title='bbox 771 1287 980 1358; x_wconf 86' lang='lat' dir='ltr'><strong>pascuorum</strong></span> <span class='ocrx_word' id='word_1_64' title='bbox 998 1267 1194 1336; x_wconf 89' lang='lat' dir='ltr'><strong>communi-</strong></span> 
     </span>
     <span class='ocr_line' id='line_1_10' title="bbox 147 1381 1193 1474; baseline -0.003 -19"><span class='ocrx_word' id='word_1_65' title='bbox 147 1382 249 1465; x_wconf 81' lang='lat' dir='ltr'><strong>catio,</strong></span> <span class='ocrx_word' id='word_1_66' title='bbox 269 1385 404 1454; x_wconf 89' lang='lat' dir='ltr'><strong>mutuis</strong></span> <span class='ocrx_word' id='word_1_67' title='bbox 420 1391 461 1454; x_wconf 94' lang='lat' dir='ltr'><strong>ut</strong></span> <span class='ocrx_word' id='word_1_68' title='bbox 479 1384 613 1454; x_wconf 87' lang='lat' dir='ltr'><strong>vicibus</strong></span> <span class='ocrx_word' id='word_1_69' title='bbox 633 1381 756 1452; x_wconf 90' lang='lat' dir='ltr'><strong>inillis</strong></span> <span class='ocrx_word' id='word_1_70' title='bbox 774 1404 983 1474; x_wconf 87' lang='lat' dir='ltr'><strong>pascuorum</strong></span> <span class='ocrx_word' id='word_1_71' title='bbox 994 1383 1055 1474; x_wconf 88' lang='lat' dir='ltr'><strong>jus</strong></span> <span class='ocrx_word' id='word_1_72' title='bbox 1073 1383 1193 1452; x_wconf 86' lang='lat' dir='ltr'><strong>obam-</strong></span> 
     </span>
     <span class='ocr_line' id='line_1_11' title="bbox 147 1497 1194 1591; baseline -0.001 -23"><span class='ocrx_word' id='word_1_73' title='bbox 147 1497 259 1583; x_wconf 87' lang='lat' dir='ltr'><strong>bulet,</strong></span> <span class='ocrx_word' id='word_1_74' title='bbox 291 1500 398 1570; x_wconf 89' lang='lat' dir='ltr'><strong>certis</strong></span> <span class='ocrx_word' id='word_1_75' title='bbox 424 1500 505 1570; x_wconf 90' lang='lat' dir='ltr'><strong>auui</strong></span> <span class='ocrx_word' id='word_1_76' title='bbox 538 1498 756 1591; x_wconf 84' lang='lat' dir='ltr'><strong>temporibus</strong></span> <span class='ocrx_word' id='word_1_77' title='bbox 786 1497 942 1568; x_wconf 89' lang='lat' dir='ltr'><strong>humano</strong></span> <span class='ocrx_word' id='word_1_78' title='bbox 971 1499 1123 1590; x_wconf 88' lang='lat' dir='ltr'><strong>quodam</strong></span> <span class='ocrx_word' id='word_1_79' title='bbox 1155 1506 1194 1568; x_wconf 89' lang='lat' dir='ltr'><strong>et</strong></span> 
     </span>
     <span class='ocr_line' id='line_1_12' title="bbox 147 1615 1193 1708; baseline 0.001 -24"><span class='ocrx_word' id='word_1_80' title='bbox 147 1615 335 1685; x_wconf 90' lang='lat' dir='ltr'><strong>commodo</strong></span> <span class='ocrx_word' id='word_1_81' title='bbox 364 1637 435 1685; x_wconf 84' lang='lat' dir='ltr'><strong>suae</strong></span> <span class='ocrx_word' id='word_1_82' title='bbox 465 1615 734 1708; x_wconf 81' lang='lat' dir='ltr'><strong>propinquitatis</strong></span> <span class='ocrx_word' id='word_1_83' title='bbox 764 1622 937 1706; x_wconf 88' lang='lat' dir='ltr'><strong>respectu,</strong></span> <span class='ocrx_word' id='word_1_84' title='bbox 970 1622 1046 1685; x_wconf 89' lang='lat' dir='ltr'><strong>turn</strong></span> <span class='ocrx_word' id='word_1_85' title='bbox 1077 1637 1193 1708; x_wconf 83' lang='lat' dir='ltr'><strong>segre-</strong></span> 
     </span>
     <span class='ocr_line' id='line_1_13' title="bbox 145 1729 1194 1825; baseline 0 -23"><span class='ocrx_word' id='word_1_86' title='bbox 145 1739 251 1825; x_wconf 80' lang='lat' dir='ltr'><strong>getur</strong></span> <span class='ocrx_word' id='word_1_87' title='bbox 265 1730 311 1802; x_wconf 87' lang='lat' dir='ltr'><strong>ad</strong></span> <span class='ocrx_word' id='word_1_88' title='bbox 329 1729 429 1801; x_wconf 91' lang='lat' dir='ltr'><strong>illurn</strong></span> <span class='ocrx_word' id='word_1_89' title='bbox 448 1730 565 1801; x_wconf 91' lang='lat' dir='ltr'><strong>locum</strong></span> <span class='ocrx_word' id='word_1_90' title='bbox 580 1732 794 1802; x_wconf 88' lang='lat' dir='ltr'><strong>decimarum</strong></span> <span class='ocrx_word' id='word_1_91' title='bbox 807 1732 867 1822; x_wconf 93' lang='lat' dir='ltr'><strong>jus</strong></span> <span class='ocrx_word' id='word_1_92' title='bbox 881 1731 917 1800; x_wconf 93' lang='lat' dir='ltr'><strong>in</strong></span> <span class='ocrx_word' id='word_1_93' title='bbox 931 1753 1000 1822; x_wconf 92' lang='lat' dir='ltr'><strong>quo</strong></span> <span class='ocrx_word' id='word_1_94' title='bbox 1018 1752 1194 1821; x_wconf 80' lang='lat' dir='ltr'><strong>possessor</strong></span> 
     </span>
     <span class='ocr_line' id='line_1_14' title="bbox 145 1846 557 1919; baseline -0.01 0"><span class='ocrx_word' id='word_1_95' title='bbox 145 1846 354 1919; x_wconf 83' lang='lat' dir='ltr'><strong>animalium</strong></span> <span class='ocrx_word' id='word_1_96' title='bbox 371 1846 557 1917; x_wconf 87' lang='lat' dir='ltr'><strong>inhabitat.</strong></span> 
     </span>
    </p>
   </div>
   <div class='ocr_carea' id='block_1_3' title="bbox 173 2059 1156 2147">
    <p class='ocr_par' dir='ltr' id='par_1_3' title="bbox 173 2059 1156 2147">
     <span class='ocr_line' id='line_1_15' title="bbox 173 2059 1156 2147; baseline -0.001 -21"><span class='ocrx_word' id='word_1_97' title='bbox 173 2059 253 2145; x_wconf 72' lang='lat' dir='ltr'><strong>cap.</strong></span> <span class='ocrx_word' id='word_1_98' title='bbox 266 2076 299 2145; x_wconf 82' lang='lat'><strong>5.</strong></span> <span class='ocrx_word' id='word_1_99' title='bbox 322 2059 454 2124; x_wconf 76' lang='lat' dir='ltr'><strong>Decimo</strong></span> <span class='ocrx_word' id='word_1_100' title='bbox 467 2080 570 2124; x_wconf 83' lang='lat' dir='ltr'><strong>rerum</strong></span> <span class='ocrx_word' id='word_1_101' title='bbox 584 2060 785 2126; x_wconf 70' lang='lat' dir='ltr'><strong>alienatorum</strong></span> <span class='ocrx_word' id='word_1_102' title='bbox 799 2061 943 2146; x_wconf 71' lang='lat' dir='ltr'><strong>qwnrodo</strong></span> <span class='ocrx_word' id='word_1_103' title='bbox 957 2067 1156 2147; x_wconf 69' lang='lat' dir='ltr'><strong>reciperetur.</strong></span> 
     </span>
    </p>
   </div>
   <div class='ocr_carea' id='block_1_4' title="bbox 145 2199 1191 2411">
    <p class='ocr_par' dir='ltr' id='par_1_4' title="bbox 145 2199 1191 2411">
     <span class='ocr_line' id='line_1_16' title="bbox 198 2199 1191 2273; baseline 0.002 -3"><span class='ocrx_word' id='word_1_104' title='bbox 198 2199 311 2272; x_wconf 90' lang='lat' dir='ltr'><strong>Multi</strong></span> <span class='ocrx_word' id='word_1_105' title='bbox 353 2201 569 2271; x_wconf 88' lang='lat' dir='ltr'><strong>decimarum</strong></span> <span class='ocrx_word' id='word_1_106' title='bbox 604 2200 825 2271; x_wconf 86' lang='lat' dir='ltr'><strong>vitandarum</strong></span> <span class='ocrx_word' id='word_1_107' title='bbox 863 2209 900 2271; x_wconf 92' lang='lat' dir='ltr'><strong>et</strong></span> <span class='ocrx_word' id='word_1_108' title='bbox 937 2200 1191 2273; x_wconf 85' lang='lat' dir='ltr'><strong>eludendamm</strong></span> 
     </span>
     <span class='ocr_line' id='line_1_17' title="bbox 145 2317 1190 2411; baseline -0.004 -21"><span class='ocrx_word' id='word_1_109' title='bbox 145 2341 261 2400; x_wconf 82' lang='lat' dir='ltr'><strong>causo,</strong></span> <span class='ocrx_word' id='word_1_110' title='bbox 278 2317 418 2400; x_wconf 86' lang='lat' dir='ltr'><strong>vitulos,</strong></span> <span class='ocrx_word' id='word_1_111' title='bbox 435 2339 553 2411; x_wconf 82' lang='lat' dir='ltr'><strong>agnos,</strong></span> <span class='ocrx_word' id='word_1_112' title='bbox 572 2340 663 2399; x_wconf 87' lang='lat' dir='ltr'><strong>oves,</strong></span> <span class='ocrx_word' id='word_1_113' title='bbox 683 2325 720 2387; x_wconf 90' lang='lat' dir='ltr'><strong>et</strong></span> <span class='ocrx_word' id='word_1_114' title='bbox 736 2328 932 2389; x_wconf 87' lang='lat' dir='ltr'><strong>ceterarum</strong></span> <span class='ocrx_word' id='word_1_115' title='bbox 957 2340 1073 2388; x_wconf 90' lang='lat' dir='ltr'><strong>rerum</strong></span> <span class='ocrx_word' id='word_1_116' title='bbox 1097 2318 1190 2387; x_wconf 88' lang='lat' dir='ltr'><strong>fruo-</strong></span> 
     </span>
    </p>
   </div>
   <div class='ocr_carea' id='block_1_5' title="bbox 135 2434 1241 3224">
    <p class='ocr_par' dir='ltr' id='par_1_5' title="bbox 135 2434 1241 3224">
     <span class='ocr_line' id='line_1_18' title="bbox 145 2434 1188 2528; baseline -0.004 -21"><span class='ocrx_word' id='word_1_117' title='bbox 145 2445 214 2518; x_wconf 90' lang='lat' dir='ltr'><strong>tus,</strong></span> <span class='ocrx_word' id='word_1_118' title='bbox 231 2436 326 2506; x_wconf 87' lang='lat' dir='ltr'><strong>iuter</strong></span> <span class='ocrx_word' id='word_1_119' title='bbox 351 2434 488 2518; x_wconf 83' lang='lat' dir='ltr'><strong>liberos,</strong></span> <span class='ocrx_word' id='word_1_120' title='bbox 512 2443 691 2528; x_wconf 83' lang='lat' dir='ltr'><strong>cognatos,</strong></span> <span class='ocrx_word' id='word_1_121' title='bbox 710 2443 748 2504; x_wconf 90' lang='lat' dir='ltr'><strong>et</strong></span> <span class='ocrx_word' id='word_1_122' title='bbox 773 2437 985 2506; x_wconf 88' lang='lat' dir='ltr'><strong>necessarios</strong></span> <span class='ocrx_word' id='word_1_123' title='bbox 1010 2443 1188 2528; x_wconf 83' lang='lat' dir='ltr'><strong>spargunt,</strong></span> 
     </span>
     <span class='ocr_line' id='line_1_19' title="bbox 144 2550 1189 2646; baseline -0.004 -23"><span class='ocrx_word' id='word_1_124' title='bbox 144 2554 348 2646; x_wconf 85' lang='lat' dir='ltr'><strong>priusquam</strong></span> <span class='ocrx_word' id='word_1_125' title='bbox 376 2550 574 2644; x_wconf 81' lang='lat' dir='ltr'><strong>legitimum</strong></span> <span class='ocrx_word' id='word_1_126' title='bbox 595 2560 735 2642; x_wconf 89' lang='lat' dir='ltr'><strong>tempus</strong></span> <span class='ocrx_word' id='word_1_127' title='bbox 755 2551 971 2622; x_wconf 88' lang='lat' dir='ltr'><strong>decimarum</strong></span> <span class='ocrx_word' id='word_1_128' title='bbox 997 2551 1189 2621; x_wconf 87' lang='lat' dir='ltr'><strong>advenerit.</strong></span> 
     </span>
     <span class='ocr_line' id='line_1_20' title="bbox 144 2667 1190 2759; baseline -0.003 -19"><span class='ocrx_word' id='word_1_129' title='bbox 144 2669 306 2753; x_wconf 89' lang='lat' dir='ltr'><strong>Quorum</strong></span> <span class='ocrx_word' id='word_1_130' title='bbox 345 2668 480 2739; x_wconf 88' lang='lat' dir='ltr'><strong>astutia</strong></span> <span class='ocrx_word' id='word_1_131' title='bbox 512 2669 680 2759; x_wconf 89' lang='lat' dir='ltr'><strong>quoniam</strong></span> <span class='ocrx_word' id='word_1_132' title='bbox 722 2667 948 2738; x_wconf 87' lang='lat' dir='ltr'><strong>ecclesiarum</strong></span> <span class='ocrx_word' id='word_1_133' title='bbox 991 2675 1190 2737; x_wconf 87' lang='lat' dir='ltr'><strong>nostrarum</strong></span> 
     </span>
     <span class='ocr_line' id='line_1_21' title="bbox 144 2781 1190 2874; baseline 0 -20"><span class='ocrx_word' id='word_1_134' title='bbox 144 2786 323 2855; x_wconf 86' lang='lat' dir='ltr'><strong>ministros</strong></span> <span class='ocrx_word' id='word_1_135' title='bbox 347 2784 508 2874; x_wconf 91' lang='lat' dir='ltr'><strong>iniquum</strong></span> <span class='ocrx_word' id='word_1_136' title='bbox 535 2792 589 2854; x_wconf 85' lang='lat' dir='ltr'><strong>est</strong></span> <span class='ocrx_word' id='word_1_137' title='bbox 614 2785 868 2864; x_wconf 84' lang='lat' dir='ltr'><strong>circumveniri,</strong></span> <span class='ocrx_word' id='word_1_138' title='bbox 890 2783 1094 2854; x_wconf 87' lang='lat' dir='ltr'><strong>libertatem</strong></span> <span class='ocrx_word' id='word_1_139' title='bbox 1120 2781 1190 2854; x_wconf 87' lang='lat' dir='ltr'><strong>illis</strong></span> 
     </span>
     <span class='ocr_line' id='line_1_22' title="bbox 135 2897 1241 2993; baseline -0.002 -20"><span class='ocrx_word' id='word_1_140' title='bbox 135 2903 271 2973; x_wconf 83' lang='lat' dir='ltr'><strong>&#39;damus</strong></span> <span class='ocrx_word' id='word_1_141' title='bbox 286 2901 324 2970; x_wconf 93' lang='lat' dir='ltr'><strong>iu</strong></span> <span class='ocrx_word' id='word_1_142' title='bbox 341 2900 541 2989; x_wconf 87' lang='lat' dir='ltr'><strong>hujusmodi</strong></span> <span class='ocrx_word' id='word_1_143' title='bbox 560 2899 776 2970; x_wconf 88' lang='lat' dir='ltr'><strong>decimarum</strong></span> <span class='ocrx_word' id='word_1_144' title='bbox 799 2901 929 2993; x_wconf 89' lang='lat' dir='ltr'><strong>injusta</strong></span> <span class='ocrx_word' id='word_1_145' title='bbox 945 2899 1115 2969; x_wconf 83' lang='lat' dir='ltr'><strong>divisione</strong></span> <span class='ocrx_word' id='word_1_146' title='bbox 1133 2897 1241 2971; x_wconf 86' lang='lat' dir='ltr'><strong>vel60</strong></span> 
     </span>
     <span class='ocr_line' id='line_1_23' title="bbox 144 3016 1189 3110; baseline -0.003 -22"><span class='ocrx_word' id='word_1_147' title='bbox 144 3041 167 3088; x_wconf 84' lang='lat' dir='ltr'><strong>u</strong></span> <span class='ocrx_word' id='word_1_148' title='bbox 192 3016 400 3087; x_wconf 84' lang='lat' dir='ltr'><strong>divisoribus</strong></span> <span class='ocrx_word' id='word_1_149' title='bbox 424 3016 507 3108; x_wconf 85' lang='lat' dir='ltr'><strong>ipsis</strong></span> <span class='ocrx_word' id='word_1_150' title='bbox 530 3017 686 3086; x_wconf 90' lang='lat' dir='ltr'><strong>decimas</strong></span> <span class='ocrx_word' id='word_1_151' title='bbox 711 3016 865 3110; x_wconf 84' lang='lat' dir='ltr'><strong>integras</strong></span> <span class='ocrx_word' id='word_1_152' title='bbox 889 3018 972 3108; x_wconf 87' lang='lat' dir='ltr'><strong>jure</strong></span> <span class='ocrx_word' id='word_1_153' title='bbox 995 3016 1189 3108; x_wconf 88' lang='lat' dir='ltr'><strong>repetendi,</strong></span> 
     </span>
     <span class='ocr_line' id='line_1_24' title="bbox 143 3130 955 3224; baseline -0.001 -23"><span class='ocrx_word' id='word_1_154' title='bbox 143 3130 202 3202; x_wconf 85' lang='lat' dir='ltr'><strong>vel</strong></span> <span class='ocrx_word' id='word_1_155' title='bbox 219 3131 265 3202; x_wconf 92' lang='lat' dir='ltr'><strong>ab</strong></span> <span class='ocrx_word' id='word_1_156' title='bbox 283 3131 337 3202; x_wconf 91' lang='lat' dir='ltr'><strong>his</strong></span> <span class='ocrx_word' id='word_1_157' title='bbox 354 3133 414 3224; x_wconf 91' lang='lat' dir='ltr'><strong>qui</strong></span> <span class='ocrx_word' id='word_1_158' title='bbox 431 3132 567 3203; x_wconf 84' lang='lat' dir='ltr'><strong>fructus</strong></span> <span class='ocrx_word' id='word_1_159' title='bbox 583 3133 629 3202; x_wconf 91' lang='lat' dir='ltr'><strong>ab</strong></span> <span class='ocrx_word' id='word_1_160' title='bbox 647 3130 716 3202; x_wconf 89' lang='lat' dir='ltr'><strong>illis</strong></span> <span class='ocrx_word' id='word_1_161' title='bbox 733 3140 955 3224; x_wconf 86' lang='lat' dir='ltr'><strong>acceperuut.</strong></span> 
     </span>
    </p>
   </div>
   <div class='ocr_carea' id='block_1_6' title="bbox 210 3341 1125 3431">
    <p class='ocr_par' dir='ltr' id='par_1_6' title="bbox 210 3341 1125 3431">
     <span class='ocr_line' id='line_1_25' title="bbox 210 3341 1125 3431; baseline -0.002 -21"><span class='ocrx_word' id='word_1_162' title='bbox 210 3343 288 3429; x_wconf 77' lang='lat' dir='ltr'><strong>(inp.</strong></span> <span class='ocrx_word' id='word_1_163' title='bbox 303 3346 333 3408; x_wconf 91' lang='lat'><strong>6.</strong></span> <span class='ocrx_word' id='word_1_164' title='bbox 355 3346 404 3408; x_wconf 75' lang='lat' dir='ltr'><strong>Do</strong></span> <span class='ocrx_word' id='word_1_165' title='bbox 418 3343 573 3409; x_wconf 72' lang='lat' dir='ltr'><strong>mmmodob</strong></span> <span class='ocrx_word' id='word_1_166' title='bbox 586 3367 653 3431; x_wconf 79' lang='lat' dir='ltr'><strong>quc</strong></span> <span class='ocrx_word' id='word_1_167' title='bbox 662 3346 849 3430; x_wconf 78' lang='lat' dir='ltr'><strong>proueniunt</strong></span> <span class='ocrx_word' id='word_1_168' title='bbox 863 3367 884 3410; x_wconf 85' lang='lat' dir='ltr'><strong>c</strong></span> <span class='ocrx_word' id='word_1_169' title='bbox 897 3345 993 3409; x_wconf 73' lang='grc' dir='ltr'><strong>εαονίε</strong></span> <span class='ocrx_word' id='word_1_170' title='bbox 1006 3341 1125 3408; x_wconf 68' lang='lat' dir='ltr'><strong>ratibus.</strong></span> 
     </span>
    </p>
   </div>
   <div class='ocr_carea' id='block_1_7' title="bbox 139 3482 1191 4263">
    <p class='ocr_par' dir='ltr' id='par_1_7' title="bbox 139 3482 1191 4263">
     <span class='ocr_line' id='line_1_26' title="bbox 198 3482 1191 3575; baseline 0.001 -21"><span class='ocrx_word' id='word_1_171' title='bbox 198 3482 334 3555; x_wconf 84' lang='lat' dir='ltr'><strong>Omnes</strong></span> <span class='ocrx_word' id='word_1_172' title='bbox 351 3484 558 3568; x_wconf 89' lang='lat' dir='ltr'><strong>oblationes,</strong></span> <span class='ocrx_word' id='word_1_173' title='bbox 575 3485 722 3570; x_wconf 75' lang='lat' dir='ltr'><strong>functus,</strong></span> <span class='ocrx_word' id='word_1_174' title='bbox 735 3497 772 3556; x_wconf 90' lang='lat' dir='ltr'><strong>et</strong></span> <span class='ocrx_word' id='word_1_175' title='bbox 790 3485 963 3557; x_wconf 88' lang='lat' dir='ltr'><strong>utilitates</strong></span> <span class='ocrx_word' id='word_1_176' title='bbox 980 3507 1058 3575; x_wconf 88' lang='lat' dir='ltr'><strong>quae</strong></span> <span class='ocrx_word' id='word_1_177' title='bbox 1075 3482 1191 3555; x_wconf 88' lang='lat' dir='ltr'><strong>solent</strong></span> 
     </span>
     <span class='ocr_line' id='line_1_27' title="bbox 142 3598 1191 3696; baseline -0.002 -24"><span class='ocrx_word' id='word_1_178' title='bbox 142 3623 192 3672; x_wconf 85' lang='lat' dir='ltr'><strong>ex</strong></span> <span class='ocrx_word' id='word_1_179' title='bbox 225 3601 352 3671; x_wconf 89' lang='lat' dir='ltr'><strong>ritibus</strong></span> <span class='ocrx_word' id='word_1_180' title='bbox 389 3601 704 3682; x_wconf 88' lang='lat' dir='ltr'><strong>matrimoniorum,</strong></span> <span class='ocrx_word' id='word_1_181' title='bbox 738 3598 955 3696; x_wconf 85' lang='lat' dir='ltr'><strong>gratiarum¹</strong></span> <span class='ocrx_word' id='word_1_182' title='bbox 995 3600 1191 3670; x_wconf 78' lang='lat' dir='ltr'><strong>levaturum</strong></span> 
     </span>
     <span class='ocr_line' id='line_1_28' title="bbox 141 3715 1191 3811; baseline -0.001 -25"><span class='ocrx_word' id='word_1_183' title='bbox 141 3739 408 3811; x_wconf 86' lang='lat' dir='ltr'><strong>puerperarum,</strong></span> <span class='ocrx_word' id='word_1_184' title='bbox 422 3718 595 3801; x_wconf 83' lang='lat' dir='ltr'><strong>funerum,</strong></span> <span class='ocrx_word' id='word_1_185' title='bbox 608 3731 645 3788; x_wconf 90' lang='lat' dir='ltr'><strong>et</strong></span> <span class='ocrx_word' id='word_1_186' title='bbox 662 3719 762 3789; x_wconf 89' lang='lat' dir='ltr'><strong>bouis</strong></span> <span class='ocrx_word' id='word_1_187' title='bbox 780 3719 1040 3794; x_wconf 86' lang='lat' dir='ltr'><strong>defunctorum.</strong></span> <span class='ocrx_word' id='word_1_188' title='bbox 1058 3724 1096 3788; x_wconf 90' lang='lat' dir='ltr'><strong>et</strong></span> <span class='ocrx_word' id='word_1_189' title='bbox 1113 3715 1191 3786; x_wconf 86' lang='lat' dir='ltr'><strong>aliis</strong></span> 
     </span>
     <span class='ocr_line' id='line_1_29' title="bbox 142 3831 1191 3929; baseline 0.001 -27"><span class='ocrx_word' id='word_1_190' title='bbox 142 3833 412 3926; x_wconf 76' lang='lat' dir='ltr'><strong>quibuscunque</strong></span> <span class='ocrx_word' id='word_1_191' title='bbox 430 3834 600 3929; x_wconf 84' lang='lat' dir='ltr'><strong>religiosis</strong></span> <span class='ocrx_word' id='word_1_192' title='bbox 621 3835 754 3919; x_wconf 88' lang='lat' dir='ltr'><strong>officiis,</strong></span> <span class='ocrx_word' id='word_1_193' title='bbox 771 3837 815 3907; x_wconf 91' lang='lat' dir='ltr'><strong>ad</strong></span> <span class='ocrx_word' id='word_1_194' title='bbox 833 3836 1013 3906; x_wconf 87' lang='lat' dir='ltr'><strong>ministros</strong></span> <span class='ocrx_word' id='word_1_195' title='bbox 1033 3831 1191 3904; x_wconf 75' lang='lat' dir='ltr'><strong>ecclesie</strong></span> 
     </span>
     <span class='ocr_line' id='line_1_30' title="bbox 141 3947 1191 4044; baseline -0.001 -26"><span class='ocrx_word' id='word_1_196' title='bbox 141 3949 352 4044; x_wconf 82' lang='lat' dir='ltr'><strong>Anglicauoe</strong></span> <span class='ocrx_word' id='word_1_197' title='bbox 366 3951 493 4033; x_wconf 81' lang='lat' dir='ltr'><strong>venire,</strong></span> <span class='ocrx_word' id='word_1_198' title='bbox 511 3973 582 4020; x_wconf 91' lang='lat' dir='ltr'><strong>uon</strong></span> <span class='ocrx_word' id='word_1_199' title='bbox 599 3953 806 4022; x_wconf 87' lang='lat' dir='ltr'><strong>adversante</strong></span> <span class='ocrx_word' id='word_1_200' title='bbox 823 3950 1079 4022; x_wconf 87' lang='lat' dir='ltr'><strong>consuetudine</strong></span> <span class='ocrx_word' id='word_1_201' title='bbox 1097 3947 1191 4018; x_wconf 87' lang='lat' dir='ltr'><strong>loco-</strong></span> 
     </span>
     <span class='ocr_line' id='line_1_31' title="bbox 141 4063 1190 4161; baseline 0 -25"><span class='ocrx_word' id='word_1_202' title='bbox 141 4086 232 4149; x_wconf 90' lang='lat' dir='ltr'><strong>rum,</strong></span> <span class='ocrx_word' id='word_1_203' title='bbox 249 4073 289 4137; x_wconf 87' lang='lat' dir='ltr'><strong>et</strong></span> <span class='ocrx_word' id='word_1_204' title='bbox 307 4065 505 4159; x_wconf 80' lang='lat' dir='ltr'><strong>praescripta</strong></span> <span class='ocrx_word' id='word_1_205' title='bbox 522 4070 775 4139; x_wconf 87' lang='lat' dir='ltr'><strong>constitutione</strong></span> <span class='ocrx_word' id='word_1_206' title='bbox 793 4092 815 4139; x_wconf 90' lang='lat' dir='ltr'><strong>a</strong></span> <span class='ocrx_word' id='word_1_207' title='bbox 831 4069 931 4139; x_wconf 89' lang='lat' dir='ltr'><strong>uobis</strong></span> <span class='ocrx_word' id='word_1_208' title='bbox 948 4069 1043 4161; x_wconf 92' lang='lat' dir='ltr'><strong>prius</strong></span> <span class='ocrx_word' id='word_1_209' title='bbox 1065 4066 1109 4137; x_wconf 88' lang='lat' dir='ltr'><strong>ad</strong></span> <span class='ocrx_word' id='word_1_210' title='bbox 1126 4063 1190 4136; x_wconf 85' lang='lat' dir='ltr'><strong>has</strong></span> 
     </span>
     <span class='ocr_line' id='line_1_32' title="bbox 139 4181 1189 4263; baseline -0.006 -9"><span class='ocrx_word' id='word_1_211' title='bbox 139 4205 198 4254; x_wconf 87' lang='lat' dir='ltr'><strong>res</strong></span> <span class='ocrx_word' id='word_1_212' title='bbox 214 4184 491 4263; x_wconf 76' lang='lat' dir='ltr'><strong>accommodata,</strong></span> <span class='ocrx_word' id='word_1_213' title='bbox 510 4184 664 4254; x_wconf 85' lang='lat' dir='ltr'><strong>maxima</strong></span> <span class='ocrx_word' id='word_1_214' title='bbox 681 4184 751 4254; x_wconf 89' lang='lat' dir='ltr'><strong>fide</strong></span> <span class='ocrx_word' id='word_1_215' title='bbox 768 4183 932 4255; x_wconf 86' lang='lat' dir='ltr'><strong>volumus</strong></span> <span class='ocrx_word' id='word_1_216' title='bbox 948 4182 992 4253; x_wconf 87' lang='lat' dir='ltr'><strong>ad</strong></span> <span class='ocrx_word' id='word_1_217' title='bbox 1011 4181 1189 4251; x_wconf 83' lang='lat' dir='ltr'><strong>ministros</strong></span> 
     </span>
    </p>
   </div>
   <div class='ocr_carea' id='block_1_8' title="bbox 537 4316 782 4397">
    <p class='ocr_par' dir='ltr' id='par_1_8' title="bbox 537 4316 782 4397">
     <span class='ocr_line' id='line_1_33' title="bbox 537 4316 782 4397; baseline -0.004 -17"><span class='ocrx_word' id='word_1_218' title='bbox 537 4316 544 4349; x_wconf 94' lang='lat'><strong>¹</strong></span> <span class='ocrx_word' id='word_1_219' title='bbox 561 4323 715 4397; x_wconf 82' lang='lat' dir='ltr'><strong>gratiarum</strong></span> <span class='ocrx_word' id='word_1_220' title='bbox 730 4341 782 4380; x_wconf 85' lang='lat' dir='ltr'><strong>om.</strong></span> 
     </span>
    </p>
   </div>
   <div class='ocr_carea' id='block_1_9' title="bbox 0 0 1350 4800">
    <p class='ocr_par' dir='ltr' id='par_1_9' title="bbox 0 0 1350 4800">
     <span class='ocr_line' id='line_1_34' title="bbox 0 0 1350 4800; baseline 0 0"><span class='ocrx_word' id='word_1_221' title='bbox 0 0 1350 4800; x_wconf 95' lang='lat' dir='ltr'><strong> </strong></span> 
     </span>
    </p>
   </div>
  </div>
 </body>
</html>
