2692 4800
543 320 589 371 ET
613 320 698 371 FIDE
722 316 936 370 erutiones.

354 580 434 667 Gap.
454 597 501 666 15.
529 580 605 660 Quos
618 588 791 644 nmmum
798 586 928 664 potrum
943 577 1121 643 authoritas.

262 718 462 801 Postremo,
476 719 757 793 orthodoxorum
776 728 915 812 patrum
936 717 1045 788 etiam
1067 715 1264 787 authorita-

210 845 288 907 tem
313 838 463 908 minime
494 858 680 908 censemus
705 857 783 906 esse
810 834 1119 906 contemnendam.
1169 830 1263 903 Sunt

210 952 309 1021 enim
339 952 518 1044 permulta
546 952 591 1023 ab
621 951 692 1023 iilis
721 950 890 1043 praeclare
921 957 959 1020 et
989 949 1127 1019 utiliter
1156 947 1261 1019 dicta.

212 1064 268 1137 Ut
285 1076 406 1139 tamen
424 1092 470 1139 ex
487 1091 611 1140 eorum
628 1068 806 1139 sententia
819 1068 864 1137 de
881 1066 986 1138 sacris
1004 1063 1114 1136 literis
1124 1065 1263 1157 judice-

209 1190 281 1265 tur,
299 1205 371 1254 nou
390 1184 624 1256 admittimus.
670 1183 816 1255 Debent
833 1184 929 1253 enim
946 1204 1052 1253 sacrae
1069 1179 1180 1252 literae
1200 1204 1262 1252 ne-

210 1298 267 1369 bis
289 1302 405 1373 omnis
421 1300 630 1374 Christianae
651 1302 821 1372 doctrinm
844 1308 883 1371 et
907 1298 1038 1394 reguioe
1054 1321 1132 1370 csse
1149 1307 1186 1370 et
1203 1298 1263 1392 jn·

209 1414 317 1487 dices.
344 1416 442 1502 Quin
454 1427 493 1490 et
509 1419 576 1513 ipsi
592 1427 711 1513 patres
728 1426 870 1489 tantum
887 1417 1031 1487 honoris
1047 1415 1114 1486 sibi
1132 1416 1262 1488 deferri

209 1543 431 1617 recusarunt.
441 1536 570 1630 saepius
587 1537 820 1607 admonentes
835 1533 1018 1616 lectorem,
1030 1540 1072 1604 ut
1089 1534 1262 1626 tantisper

208 1671 291 1720 suas
316 1651 485 1723 admittat
515 1653 710 1724 sententias
734 1661 772 1722 et
797 1651 1120 1744 interpretationes,
1144 1652 1261 1743 quoad

208 1787 294 1835 oum
310 1768 418 1839 sacrm
434 1766 545 1839 literis
562 1769 762 1839 consentire
774 1791 833 1839 eus
850 1767 1152 1839 animadverterit.
1179 1765 1262 1840 Ma·

207 1892 294 1953 neat
311 1906 396 1978 ergo
414 1883 483 1955 illis
504 1906 568 1954 sua
592 1884 788 1955 authoritas
813 1894 851 1954 et
876 1884 1085 1966 reverentia,
1103 1884 1165 1955 sed
1182 1908 1261 1978 quae

207 2021 389 2071 sacrorum
406 1998 576 2070 libromm
598 2002 792 2083 sententiae,
811 2001 953 2083 veritati
975 2009 1082 2093 atque
1105 2000 1262 2073 authori·

208 2116 276 2186 tati
293 2115 399 2187 cedat
416 2123 454 2186 st
470 2114 687 2208 subjiciatur.

568 2316 646 2402 Oep.
665 2316 714 2380 16.
739 2315 900 2404 Εφὶἰορω.

259 2435 438 2508 Caeterum
456 2440 622 2531 quoniam
639 2438 849 2534 perlongum
867 2445 972 2521 esset,
991 2443 1029 2507 et
1046 2434 1153 2529 plane
1170 2457 1259 2529 epus

206 2552 314 2625 valde
330 2552 554 2640 laboriosum,
572 2558 691 2627 omnia
707 2580 803 2627 nunc
821 2555 988 2626 distincte
1010 2554 1163 2625 scribere
1180 2575 1259 2645 quae

205 2669 384 2743 catholica
395 2672 466 2744 fide
483 2681 566 2744 sunt
583 2673 771 2756 credenda,
785 2671 946 2744 sufficere
956 2671 1159 2762 judicamus
1176 2692 1259 2762 quae

206 2785 364 2859 breviter
376 2789 421 2860 de
433 2811 572 2861 summa
583 2789 768 2872 Trinitate,
782 2789 827 2860 de
840 2786 865 2859 J
866 2809 929 2858 esu
943 2785 1087 2857 Christo
1101 2784 1258 2858 Domino

205 2911 339 2986 nostro,
357 2913 395 2975 et
420 2906 464 2976 de
490 2905 605 2978 salute
630 2928 694 2999 per
719 2927 803 2976 enm
828 2905 984 2975 humano
1008 2902 1132 2997 generi
1156 2910 1259 2995 parta

205 3021 375 3093 diximus.

267 3214 345 3301 Cap.
365 3232 414 3299 17.
438 3218 576 3283 Pereunt
590 3219 644 3304 qui
658 3217 811 3283 catholice
818 3216 905 3304 fidei
918 3216 1134 3294 adversantur,
1150 3216 1197 3281 ool

597 3318 636 3386 cd
650 3342 686 3385 eo
700 3319 857 3408 deficiunt.

256 3438 339 3511 Hoc
353 3443 468 3534 ipsum
482 3451 603 3515 tamen
621 3443 761 3515 silentio
778 3443 956 3537 praeterire
974 3464 1044 3511 non
1059 3464 1254 3535 possumne,

202 3579 265 3628 eos
294 3579 417 3630 omnes
446 3560 573 3630 misere
602 3560 717 3653 perire
748 3561 809 3653 qui
840 3559 1077 3631 orthodoxam
1105 3557 1255 3629 catholi-

202 3696 354 3767 camque
372 3675 479 3745 fidem
498 3676 664 3769 amplecti
683 3675 829 3760 nolunt3
858 3684 897 3746 et
914 3674 1019 3768 longe
1035 3674 1176 3768 gravius
1193 3695 1255 3744 ees

202 3814 280 3862 esse
298 3792 526 3876 damnandos,
543 3795 604 3885 qui
623 3792 667 3863 ab
685 3815 728 3864 ea
752 3791 864 3863 semel
887 3792 1008 3884 agnita
1026 3798 1065 3861 et
1089 3797 1254 3881 suscepta

201 3907 424 3980 defecerunt.
