2692 4800
439 319 488 371 na
512 319 906 372 eroonnunrcsnonr.
1121 306 1188 378 171

145 499 205 548 reo
217 474 322 559 datis,
332 476 426 569 quod
444 478 630 549 sententiae
643 486 682 549 et
695 478 839 549 decreto
851 477 1039 569 superioris
1049 478 1192 571 judicis,

146 615 250 687 quem
267 592 470 687 appellarit,
488 594 642 678 obediet,
659 595 710 665 ita
726 595 873 665 tandem
886 593 1002 686 judex
1019 593 1191 666 indictam

146 733 221 782 aaa
239 710 336 805 priua
357 711 764 783 excommunicationem
785 711 960 781 rescindat
981 719 1019 780 et
1039 709 1191 782 aboleat.

148 825 234 911 Qua
251 848 334 898 cnm
350 827 472 899 omnia
487 827 557 899 rita
573 826 710 911 fecerit,
726 826 824 896 omni
848 847 887 896 se
912 824 1032 919 legum
1058 834 1193 897 nostra-

146 965 224 1014 rum
242 965 348 1038 poena
364 942 539 1016 liberabit.

323 1155 401 1244 Gap.
412 1177 443 1244 9.
464 1155 800 1221 &communicatorum
815 1153 1017 1220 denuntiatio.

197 1293 317 1380 Quum
336 1293 517 1391 legitimus
527 1295 641 1388 judex
658 1294 1034 1367 excommunicationis
1054 1302 1195 1365 senteu-

150 1414 234 1484 tiam
261 1413 557 1506 pronunciaverit,
575 1412 695 1483 statim
719 1410 756 1483 id
780 1410 956 1506 significet
973 1409 1140 1492 ecclesie,
1157 1411 1193 1480 in

150 1552 219 1623 qua
235 1551 316 1601 reus
332 1528 519 1611 inhabitat,
536 1536 578 1599 ut
594 1550 717 1600 omnes
732 1528 779 1601 ab
795 1526 858 1599 illo
875 1536 1043 1620 tanquam
1061 1548 1082 1597 a
1099 1526 1192 1620 putri
1204 1539 1245 1606 82

150 1655 187 1718 et
203 1645 361 1740 projecto
376 1645 538 1718 membro
553 1666 592 1716 se
607 1644 820 1717 abstineant.
869 1642 949 1714 Nec
966 1665 1037 1714 una
1054 1650 1195 1715 tantum

150 1761 201 1833 rei
224 1760 365 1854 propria
389 1758 538 1834 ecclesia
558 1760 609 1831 rei
633 1769 746 1854 gestae
771 1759 902 1831 certior
925 1759 983 1844 ait,
999 1757 1063 1830 sed
1089 1758 1196 1828 disse-

151 1875 307 1946 minetur
321 1883 360 1947 et
376 1884 520 1948 amanet
538 1874 584 1947 ad
602 1875 734 1946 ricinos
757 1874 935 1946 ministros
958 1882 996 1945 et
1018 1871 1195 1954 ecclesias,

151 1997 192 2060 nt
209 1991 344 2085 mnjore
364 1991 495 2063 sentiat
519 1989 582 2062 ille
603 1989 738 2085 pudore
763 2013 801 2062 ae
828 1990 985 2083 undique
1010 1988 1195 2060 exclusum

152 2115 189 2177 et
216 2106 443 2180 destitutum.
503 2105 673 2179 Minister
700 2115 821 2179 antem
851 2105 1008 2178 ecclesie
1037 2104 1195 2199 propriae,

152 2245 232 2294 cum
255 2222 300 2296 iis
315 2223 376 2316 qui
396 2221 557 2320 legitime
576 2233 660 2295 snut
676 2223 721 2296 ad
737 2225 806 2296 hoc
826 2222 1009 2316 negotium
1032 2220 1196 2303 adhibiti,

152 2350 390 2434 consequente
406 2340 585 2412 dominico
600 2340 672 2425 die,
690 2339 841 2413 formula
857 2362 927 2432 qna
947 2338 999 2409 illi
1017 2336 1197 2432 prascrip-

153 2465 228 2527 tum
256 2463 322 2540 eat,
340 2455 523 2552 evangelio
549 2457 708 2539 recitato,
729 2456 888 2550 protinus
913 2452 1198 2526 excommunica·

152 2572 296 2653 tionem,
313 2569 440 2664 quibua
457 2570 574 2643 verbis
599 2570 840 2663 praescriptum
867 2580 932 2654 est,
950 2577 1034 2664 apte
1050 2579 1088 2639 et
1109 2569 1199 2662 pub·

152 2685 217 2758 lice
243 2710 362 2759 coram
388 2686 538 2759 ecclesia
566 2687 733 2781 expediat
760 2696 797 2758 et
828 2685 934 2781 legat,
963 2694 1001 2757 et
1027 2684 1195 2779 populum

153 2800 414 2873 condocefecint
444 2801 820 2871 excommnuicationis
853 2799 1002 2871 fulmine
1035 2800 1199 2893 perstric-

154 2925 224 2989 tam
244 2939 429 3012 personam
446 2939 493 2987 ex
510 2901 660 2988 eeclesia
676 2918 775 3010 quasi
793 2917 943 2988 cadaver
959 2915 1039 3009 ejici
1058 2915 1199 2999 debere,

153 3056 216 3104 nec
234 3055 343 3104 coenre
360 3031 506 3103 Domini
524 3033 746 3125 participem,
763 3054 829 3102 nee
846 3032 1048 3103 divinorum
1070 3027 1201 3100 officio-

153 3173 243 3238 rum,
260 3172 327 3239 nec
344 3146 552 3221 Christianae
574 3150 763 3230 societatis,
782 3149 844 3219 sed
861 3172 882 3219 a
899 3148 979 3219 sinu
1002 3146 1201 3218 communis

153 3263 431 3337 Christianorum
446 3266 568 3336 matris
579 3264 748 3337 Ecclesiae
761 3263 947 3346 revulsam,
963 3271 1001 3335 et
1014 3264 1201 3355 abruptam

152 3404 335 3476 aeorpore
352 3381 496 3464 Christi,
514 3380 604 3452 coelo
625 3380 729 3453 simul
752 3389 790 3452 et
814 3389 908 3451 terra
932 3402 1009 3450 esse
1035 3377 1202 3448 exturba·

153 3508 236 3579 tarn,
255 3497 396 3569 diabolo
412 3506 451 3568 et
468 3499 543 3590 ejus
561 3496 809 3568 consceleratis
832 3495 1001 3566 ministris
1024 3492 1202 3585 mancipa-

152 3621 237 3698 tam,
252 3622 291 3686 at
305 3613 530 3707 sempiternis
547 3612 769 3684 flammarum
783 3610 996 3683 cruciatibus
1010 3609 1200 3688 addictam,

153 3730 217 3802 nisi
243 3738 384 3801 mature
409 3752 509 3800 suam
530 3729 681 3801 salntem
709 3729 873 3800 satanicis
899 3751 944 3798 ex
963 3725 1111 3797 vinculis
1138 3747 1201 3796 er·

153 3846 282 3939 pediat,
300 3847 411 3917 ritem
437 3868 536 3916 snam
563 3844 760 3916 salubribus
785 3842 958 3913 institutis
977 3842 1021 3912 ad
1047 3839 1201 3933 probita-

152 3973 225 4034 tem
269 3970 423 4045 revocet,
458 3962 653 4032 maximnm
688 3983 735 4032 ex
768 3958 1004 4052 superioribus
1048 3956 1201 4049 peccatis

153 4080 311 4152 dolorem
337 4080 463 4173 capiat,
491 4088 537 4160 et,
556 4086 727 4171 quantum
755 4078 791 4147 in
816 4100 854 4146 se
881 4086 944 4157 est,
973 4096 1077 4145 omne
1104 4072 1201 4142 dam·

154 4219 237 4266 num
265 4195 360 4268 illins
384 4195 525 4290 flagitiis
552 4193 706 4266 ecclesiae
731 4193 854 4264 datum
882 4214 973 4261 nova
1000 4189 1201 4260 innocentia
