2692 4800
152 263 223 336 126
558 284 607 335 os
629 284 786 337 oncnns.
1217 234 1252 325 ti

147 436 299 508 affirndi:
325 436 456 528 quique
473 433 686 528 deliquerint
703 434 739 504 in
758 433 826 505 hoc
837 454 971 528 genere
986 436 1197 509 ntislactio-

147 554 211 634 nis,
242 550 382 622 illorum
412 550 457 621 ab
487 550 662 621 ordinario
690 547 869 642 plectatur
896 551 1057 635 arentia,
1083 553 1191 626 donoc

146 667 300 740 officinm
317 667 424 762 plene
440 667 679 759 praestiterint.

428 879 506 965 (lap.
524 896 554 964 7.
577 879 706 962 chacro
720 878 917 943 clanmorem.

198 1019 371 1101 Vicarins,
389 1019 556 1110 quoniam
572 1016 711 1086 habitat
736 1016 773 1084 in
800 1018 961 1108 pnroecia,
980 1027 1019 1090 et
1043 1019 1081 1091 in
1102 1020 1193 1093 illius

148 1158 269 1208 curam
302 1134 426 1205 sedulo
459 1132 643 1216 incumbit,
673 1132 837 1214 decimas,
867 1133 1078 1222 oblationes,
1111 1160 1194 1231 pen·

148 1253 274 1333 siones,
285 1252 377 1343 jura,
396 1250 531 1320 fructus
548 1247 802 1319 ecclesiasticos
818 1251 934 1321 omnis
949 1253 1193 1348 generisque

149 1367 206 1440 vel
223 1390 246 1438 a
260 1368 374 1460 primo
392 1364 661 1435 illius-muneris
679 1363 922 1450 fundamento,
940 1367 998 1437 vel
1015 1390 1065 1439 ex
1080 1378 1193 1461 pacto,

148 1482 413 1563 consuetudine,
432 1480 488 1551 vel
514 1480 683 1573 temporis
709 1480 893 1565 beneficio,
917 1485 1013 1574 quod
1041 1487 1194 1576 preceri-

148 1602 307 1693 ptionem
325 1605 462 1680 vocant
477 1599 561 1690 jure
583 1597 759 1668 vendicari
781 1607 910 1690 potest,
931 1601 1096 1693 accipiat
1146 1600 1193 1673 lit

147 1715 200 1785 illi
224 1724 394 1808 proeterea
418 1715 614 1808 generatim
639 1716 759 1785 omnia
784 1713 961 1807 largimur,
978 1738 1058 1807 qua
1082 1720 1194 1811 spatio

149 1833 272 1904 docem
293 1854 465 1903 annorum
482 1840 566 1901 ante
587 1840 785 1901 nostrarum
808 1831 1091 1926 divulgationem
1113 1836 1195 1906 ista·

148 1973 228 2020 rum
246 1949 366 2045 legum
383 1950 458 2019 sine
475 1947 704 2018 contentione
720 1947 878 2041 percepit
895 1956 933 2018 et
945 1952 1192 2022 controversie

150 2066 187 2136 N
188 2089 229 2138 eo
247 2064 304 2136 vel
323 2072 453 2159 pastor,
471 2063 740 2155 necquicquam
757 2063 857 2147 alins,
873 2062 976 2135 illum
992 2066 1039 2137 ab
1056 2064 1191 2137 eorum¹

149 2181 365 2274 possessione
388 2177 554 2273 depellet.
606 2176 748 2249 Deinde
773 2187 885 2250 terras
909 2191 1044 2264 exaret
1062 2184 1193 2274 siquas

149 2299 193 2368 ad
216 2299 385 2368 arandum
407 2304 509 2390 aptas
530 2295 649 2377 hebet,
666 2317 736 2367 nec
760 2296 915 2367 decimas
939 2318 987 2366 ex
1012 2297 1085 2369 illis
1104 2298 1193 2371 ullos

148 2414 422 2507 representabit,
439 2415 513 2485 sive
530 2414 660 2505 pastori
678 2413 756 2505 ipsi,
773 2413 847 2483 sive
864 2412 1066 2505 cuicunque
1080 2414 1193 2488 altori.

181 2642 258 2727 (lap.
275 2641 304 2705 8.
332 2640 463 2709 Quando
477 2640 618 2706 minister
630 2640 762 2705 ecclam
775 2662 811 2705 sc
819 2640 1017 2725 proventibus
1030 2643 1164 2709 molario

554 2742 600 2808 oli
613 2764 672 2807 aon
680 2752 785 2828 potest.

200 2883 324 2954 Pastor
350 2905 432 2953 cum
460 2881 622 2952 exilitate
652 2883 830 2953 fruetuum
860 2884 1091 2956 necessitates
1116 2908 1194 2956 suas

149 3002 334 3071 commode
357 3007 555 3069 sustentare
576 3021 647 3068 non
669 3006 796 3090 potest
815 3000 888 3069 sive
911 3001 1099 3096 contingat
1119 3001 1195 3072 illo-

147 3140 225 3187 rum
244 3115 414 3187 scelerata
430 3115 638 3207 cupiditate,
656 3116 717 3207 qui
735 3116 888 3187 decimas
907 3117 960 3187 illi
981 3118 1195 3189 subtrahunt

146 3244 208 3305 aut
233 3232 439 3324 praecidunt,
462 3233 535 3302 sive
555 3232 650 3323 quod
676 3240 751 3301 tam
777 3233 922 3302 minutae
943 3244 1028 3303 sunt
1048 3235 1194 3306 deoimae

145 3359 183 3420 et
208 3350 356 3434 fructus
378 3358 419 3418 ut
445 3350 583 3419 etiamsi
602 3350 701 3442 juste
727 3347 1021 3438 persolverentur,
1047 3350 1194 3421 minime

146 3462 247 3533 illum
278 3473 421 3557 possent
451 3463 555 3545 alere,
583 3486 683 3533 suam
714 3465 749 3532 in
780 3462 980 3555 hujusmodi
1013 3475 1191 3557 pastorum

147 3579 413 3650 difficultatibus
443 3582 612 3671 pietatem
649 3580 832 3672 episcopus
866 3590 903 3649 et
936 3580 1191 3652 authoritatem

147 3699 359 3788 interponat,
377 3707 420 3766 ut
442 3695 512 3766 illis
533 3709 570 3767 et
595 3696 735 3766 illorum
763 3696 905 3766 familiis
930 3699 1042 3788 possit
1067 3721 1193 3769 conve-

146 3814 285 3883 nienter
310 3814 469 3906 prospici.
522 3813 627 3897 Quod
653 3813 812 3905 expediri
839 3814 889 3883 sio
913 3816 1058 3906 poterit,
1084 3817 1113 3885 si
1139 3814 1191 3886 vel

145 3929 329 4019 episcopus
350 3930 512 3999 omnibus
537 3930 784 3999 necessitatem
809 3929 969 4022 imponat
994 3930 1190 4021 pastoribus

145 4045 181 4114 in
199 4065 304 4114 oausa
321 4044 536 4113 decimarum
553 4054 591 4114 et·
608 4044 757 4114 aliorum
776 4045 956 4115 fructuum
973 4047 1074 4138 juste
1094 4046 1189 4116 satis-

145 4160 306 4230 faciendi.
360 4159 463 4243 Quod
483 4161 510 4230 si
529 4160 644 4230 adhuc
662 4161 746 4230 satis
764 4184 832 4231 non
853 4162 972 4243 fuerit,
990 4162 1186 4233 homiuibus

600 4296 605 4333 ¹
622 4301 744 4358 illorum.
