2692 4800
11 293 74 365 cd.
425 317 473 369 nn
499 316 840 369 arunmarrourans.
1085 304 1157 377 307

111 471 296 539 sententiae
330 472 570 563 pronunciare.
633 471 727 554 Quia
765 495 833 541 non
873 470 1065 565 allegatum
1103 470 1157 540 vel

112 583 201 657 non¹
233 587 419 679 probatum
451 590 486 659 in
514 610 619 660 causa
648 587 844 680 principaii,
872 597 989 682 potest
1015 587 1158 681 allegari

112 712 151 773 et
166 703 306 796 probari
323 705 359 776 in
377 728 482 776 causa
498 703 753 798 appellationis

242 912 319 998 (inp.
335 915 386 978 26.
409 913 467 977 Ad
479 912 557 998 quid
569 912 699 976 iuventa
712 911 791 975 siat²
807 910 1031 997 appellatione.

169 1059 439 1153 Appellationes
472 1083 542 1131 uon
572 1060 616 1131 ad
654 1060 919 1152 deprimendam
954 1059 1161 1151 cujusquam

109 1177 284 1269 justitiam
307 1187 391 1248 sunt
416 1177 578 1255 inventae,
597 1177 657 1247 sed
679 1186 722 1246 ut
742 1198 932 1270 gravamen
957 1175 1162 1268 impositum

115 1301 305 1387 reparetur,
331 1294 436 1364 etad
464 1292 706 1385 corrigendam
733 1293 958 1384 iniquitatem
985 1300 1023 1361 et
1053 1292 1164 1383 irnpe-

114 1409 230 1480 ritiam
248 1407 392 1500 judicis,
409 1419 448 1479 st
471 1431 722 1501 nonnunquam
745 1408 788 1478 ad
812 1408 919 1499 ipsius
941 1406 1062 1478 afflicti
1086 1430 1163 1478 suc-

115 1525 327 1595 currendum
352 1525 509 1595 inscitia.
561 1524 659 1595 Nam
685 1526 721 1594 in
747 1522 984 1616 appellatione
1010 1545 1164 1616 persaepe

116 1638 232 1711 iocum
255 1640 375 1724 habet,
393 1642 487 1733 quod
507 1642 673 1733 jactatur,
691 1663 763 1709 non
786 1639 973 1730 probatum
997 1638 1164 1731 probabo,

115 1767 152 1827 et
174 1757 268 1849 quod
291 1780 361 1827 nou
383 1766 438 1828 est
459 1758 659 1851 oppositum
684 1778 870 1848 opponam.
924 1754 1069 1826 Etenim
1087 1779 1165 1848 qun

116 1873 150 1943 in
181 1873 294 1967 prima
326 1875 494 1945 instantia
527 1883 611 1944 sunt
640 1875 778 1957 omissa,
806 1873 1011 1964 frequenter
1045 1874 1081 1941 in
1111 1894 1165 1942 se·

116 1991 230 2063 cunda
252 1990 370 2062 locum
394 1990 536 2062 habent.

130 2199 208 2286 (inp.
223 2215 273 2284 27.
307 2200 350 2263 Ia
371 2220 463 2263 causa
485 2196 697 2284 appellationis
719 2197 834 2284 atique
855 2196 1037 2287 acceptiores
1058 2196 1150 2283 repeti

154 2310 297 2389 portani,
313 2324 382 2388 quea
401 2302 434 2366 iu
447 2302 557 2387 prima
575 2301 720 2366 iaetantia
740 2300 836 2364 kaim
855 2322 914 2364 noar
932 2299 1111 2365 inaurant.

165 2436 258 2509 Cum
286 2441 520 2532 peremptoria
551 2439 715 2531 exceptio
742 2439 776 2507 in
805 2438 971 2509 instantia
997 2461 1068 2507 non
1094 2436 1164 2507 fuit

115 2556 277 2640 admissa,
310 2557 518 2648 interposita
550 2554 786 2648 appellatione
816 2577 837 2625 a
872 2555 1054 2625 definitiva
1087 2576 1166 2625 sen·

116 2674 229 2745 tentia
262 2673 297 2743 in
329 2694 433 2743 causa
462 2670 719 2765 appellationis,
750 2670 866 2740 denuo
896 2670 1029 2763 poterit
1059 2669 1164 2763 objici

116 2798 153 2860 ot
186 2788 336 2883 probari.
403 2785 574 2880 idemque
608 2786 739 2870 licebit,
774 2788 801 2857 si
838 2786 964 2856 eadem
1000 2787 1165 2879 exceptio

81 2960 91 2975 .
116 2905 352 2999 peremptoria
379 2906 414 2974 in
446 2904 551 2997 priori
583 2905 749 2975 instantia
775 2902 831 2973 vel
862 2902 1079 2997 negligentia
1108 2902 1165 2972 vel

115 3021 292 3092 oblivione
326 3021 454 3091 omissa
487 3020 603 3089 fuerit.
662 3019 798 3091 Verum
834 3019 1062 3112 exceptiones
1095 3019 1165 3089 illac

115 3163 193 3233 qnae
217 3140 252 3209 in
278 3138 382 3231 priori
409 3139 577 3208 instantia
599 3138 793 3209 necessario
816 3147 917 3209 erant
947 3137 1165 3230 opponendae

114 3267 199 3328 ante
225 3255 298 3325 litis
320 3255 627 3338 contestationem,
645 3257 680 3324 in
702 3277 807 3325 causa
832 3252 1078 3346 appellationis
1104 3253 1166 3324 ob-

110 3374 174 3463 jici
192 3395 263 3443 non
281 3381 460 3464 poterunt.

244 3580 321 3665 Cap.
335 3581 385 3643 28.
411 3581 532 3665 Lapsae
546 3579 672 3643 termini
685 3579 863 3664 quandoque
877 3600 936 3643 aon
951 3576 1034 3642 obesi.

165 3726 301 3820 hapsus
324 3727 464 3797 tennini
488 3728 532 3798 ad
549 3725 796 3820 appellandum
817 3724 873 3795 vel
891 3723 1163 3819 appellationem

114 3843 307 3914 iiniendum
338 3865 409 3913 non
441 3844 681 3936 prejudicabit
710 3840 912 3936 appellanti,
944 3864 1013 3933 quo
1048 3842 1165 3911 minus

114 3983 160 4030 ex
192 3983 297 4031 causa
326 3960 485 4053 legitima
511 3960 684 4041 audiatur,
711 3958 836 4028 saltem
864 3980 926 4049 per
952 3958 1163 4028 beneficium

115 4074 348 4146 restitutionis
379 4075 414 4143 in
449 4075 651 4168 integrum
687 4083 724 4143 et
752 4073 815 4143 fiet
843 4073 1022 4143 restitutio
1054 4095 1164 4165 usque

115 4190 159 4258 ad
189 4199 329 4261 tantum
365 4201 504 4282 tempus
534 4199 706 4281 quantum
740 4189 809 4258 fuit
843 4198 984 4280 tempus
1015 4187 1162 4280 impedi·

382 4322 389 4361 ¹
406 4348 464 4385 non
479 4348 530 4385 om.
799 4321 899 4384 ²sunt.

608 4433 676 4497 xa
