2692 4800
454 310 911 364 nnnxoouuumoarrons.
1119 296 1191 369 187

149 468 287 539 infinita
302 467 463 538 bonitate
488 475 560 548 tua,
578 475 655 537 tum
678 467 714 535 in
731 464 799 536 hoc
822 465 1060 558 particulatim
1084 467 1192 538 fratre

150 592 278 664 nostro,
296 605 404 675 quem
426 591 548 652 nostra
569 582 749 652 communi
771 580 898 650 laetitia
917 589 955 651 et
973 581 1193 653 exultatione

150 699 324 772 reduxisti
349 700 387 770 in
405 699 507 782 dam,
525 706 568 770 ut
585 719 630 768 ex
649 697 724 788 ejus
747 719 811 791 per
832 693 888 767 te¹
911 707 1118 789 recuperata
1140 722 1193 770 sa-

150 815 222 888 lute
252 815 450 887 maximum
476 813 646 907 gaudium
677 835 894 905 caperemus,
919 815 979 906 qui
1008 836 1072 887 sua
1099 817 1194 907 prius

151 927 451 1001 calamitosissima
466 929 568 998 ruina
584 949 763 998 summum
780 926 881 996 nobis
898 924 1055 996 dolorem
1073 926 1195 998 affere·

151 1044 218 1117 bat
272 1043 497 1137 Quapropter
511 1066 534 1114 a
550 1041 606 1115 te²
623 1064 832 1135 quesumus,
851 1051 892 1112 ut
914 1042 988 1112 haec
1011 1043 1055 1113 ad
1072 1051 1111 1114 te
1130 1066 1194 1136 pro

151 1161 258 1232 fratre
270 1166 391 1230 nostro
408 1158 487 1228 fusa
500 1166 583 1227 vota
598 1157 815 1251 perveniant,
826 1164 864 1227 et
882 1154 1000 1226 inillis
1018 1157 1092 1250 ipse
1108 1180 1195 1250 pon·

149 1274 214 1346 dus
230 1283 271 1344 et
288 1273 494 1345 firmitatem
512 1293 589 1343 esse
607 1271 703 1352 velis,
721 1270 840 1341 utillo
864 1272 1058 1353 nobiscum,
1076 1283 1115 1343 et
1132 1295 1195 1343 nos

149 1413 219 1462 una
235 1411 320 1462 cum
338 1387 412 1472 illo,
425 1389 564 1471 timore,
581 1387 662 1471 lide,
676 1410 748 1481 spe,
762 1386 961 1471 dilectione,
979 1388 1194 1481 reliquorum

148 1503 465 1598 comprehensione
494 1511 637 1572 tuorum
662 1499 911 1572 mandatomm
934 1500 978 1570 ad
1009 1510 1108 1572 tuam
1135 1525 1195 1573 vo·

147 1620 327 1691 luntatem
345 1619 454 1688 vitam
476 1639 617 1687 omnem
640 1625 795 1687 nostram
817 1617 1088 1701 conformemus,
1104 1625 1142 1689 et
1158 1620 1195 1688 in

145 1744 323 1830 perpetua
339 1735 566 1805 veneratione
589 1735 643 1804 tui
666 1734 818 1803 nominis
839 1755 978 1827 semper
997 1734 1197 1825 acquiesca-

144 1874 238 1924 mus.
296 1848 563 1930 Animadverte,
594 1847 694 1918 Deus
720 1846 836 1930 Pater,
858 1849 1109 1931 animadverte,
1134 1872 1198 1918 no-

145 1966 274 2058 bisque
300 1964 472 2058 Spiritum
498 1974 601 2035 tuum
628 1963 698 2033 tuis
724 1962 865 2033 famulis
891 1961 1026 2057 largire,
1053 1972 1197 2055 propter

145 2080 275 2152 Jesum
288 2080 480 2162 Christum,
491 2081 552 2172 qui
569 2088 689 2150 tecum
708 2079 795 2147 vivit
812 2087 850 2149 et
863 2088 987 2173 regnat
1005 2079 1041 2147 in
1059 2078 1196 2148 unitate

148 2196 304 2289 Spiritus
321 2198 434 2267 sancti
451 2195 581 2266 Deus.”
616 2193 737 2278 Quum
756 2203 874 2285 pastor
890 2202 1087 2263 extremam
1105 2193 1197 2263 hanc

150 2313 348 2384 orationem
365 2311 618 2392 terminaverit,
636 2311 680 2380 ad
703 2331 804 2379 reum
821 2311 896 2404 jam
915 2308 1020 2401 plane
1044 2311 1198 2381 reconci-

151 2429 278 2500 liatum
297 2451 334 2498 se
351 2435 545 2509 convertat,
563 2434 699 2496 etcum
717 2424 779 2495 illo
797 2425 1027 2496 vehementer
1042 2436 1134 2519 agat,
1152 2449 1198 2496 ne

151 2565 270 2614 rursus
286 2542 332 2612 ad
349 2541 517 2633 peccandi
536 2541 716 2611 licentiam
734 2539 878 2622 recidat,
890 2542 1079 2611 ostendens
1091 2563 1198 2632 quam

151 2656 356 2753 periculosa
382 2657 453 2727 sint
483 2656 645 2727 secundae
674 2658 793 2737 ruinae,
818 2656 956 2747 quibus,
983 2656 1199 2727 authoritate

152 2774 427 2867 scripturarum,
456 2781 618 2844 extrema
652 2793 794 2843 necesse
827 2779 882 2841 est
915 2772 1089 2863 prioribus
1123 2795 1199 2845 esse

153 2891 347 2973 deteriora3
369 2891 485 2982 deque
501 2911 545 2960 eo
563 2886 633 2960 rei³
651 2887 826 2981 publicam
845 2889 999 2980 requirat
1016 2889 1199 2981 professio·

152 3028 246 3088 nem,
273 3007 368 3097 quod
395 3005 495 3075 firme
520 3027 641 3075 secum
667 3005 742 3095 ipse
771 3004 1006 3086 constituerit,
1032 3005 1200 3095 quemad·

151 3121 298 3193 modum
316 3120 431 3192 aDeo
448 3143 485 3191 se
503 3119 659 3212 postulat
677 3128 714 3189 et
731 3129 849 3211 sperat
866 3120 1033 3211 adjuvari,
1051 3119 1200 3214 diligen·

153 3236 325 3309 tissimam
355 3246 393 3307 et
423 3258 597 3307 summam
623 3236 793 3307 adhibere
818 3237 1031 3318 cautionem,
1058 3258 1103 3305 ne
1130 3234 1199 3306 Dei

152 3352 299 3445 posthac
321 3354 359 3423 in
381 3353 469 3423 iram
488 3353 653 3435 incurrat,
671 3362 709 3423 et
725 3375 748 3423 a
764 3350 991 3424 sanctissimis
1008 3351 1084 3444 ejus
1101 3374 1202 3422 man·

153 3470 244 3541 datis
261 3477 336 3540 tam
353 3468 459 3563 longe
480 3471 734 3563 peregrinetur,
751 3479 792 3539 ut
809 3490 927 3539 rursus
950 3467 1092 3560 publico
1113 3467 1199 3538 fide·

152 3587 240 3658 lium
270 3597 365 3657 coetu
395 3586 442 3656 sit
473 3585 524 3656 illi
560 3587 689 3657 merito
724 3585 925 3656 carendum.
986 3584 1127 3654 Deinde
1161 3593 1199 3654 et

152 3702 273 3775 Deum
303 3705 378 3795 ipse
408 3702 555 3795 rogabit,
587 3712 626 3773 et
655 3702 700 3772 ad
735 3701 771 3771 id
804 3721 1009 3772 communes
1043 3700 1199 3771 ecclesiae

151 3842 274 3914 preces
291 3819 496 3912 postulabit,
514 3829 555 3889 ut
572 3840 676 3889 suum
694 3819 793 3888 Deus
810 3817 876 3887 hoc
895 3819 1097 3886 institutum
1116 3839 1199 3887 con-

151 3933 318 4014 stabiliat,
337 3935 428 4005 etin
447 3932 589 4004 Christo
605 3931 630 4002 J
632 3956 692 4003 esu
711 3933 922 4004 corroboret.

202 4049 353 4134 Quoties
369 4048 498 4141 aliquis
522 4049 888 4120 excommunicatione
912 4055 1055 4140 propter
1078 4069 1200 4139 pecca·

151 4176 271 4237 torum
289 4165 571 4259 magnitudinem
585 4165 720 4257 eJectus
733 4185 780 4233 ex
792 4162 951 4245 ecclesia,
962 4158 1200 4255 propriorum⁴

175 4302 288 4383 ¹parte.
370 4301 384 4342 ²
397 4313 456 4362 ate
471 4324 523 4363 om.
606 4300 722 4379 ³deque
737 4322 823 4362 aare.
906 4301 1109 4378 ⁴propriorum
1125 4320 1176 4358 cm.
1294 4374 1297 4381 ⁴
