2692 4800
161 282 235 346 240
500 296 729 346 neomutus
755 296 867 348 anast.
1227 300 1245 351 c

212 455 338 524 Omnis
365 454 474 547 igitur
495 454 539 523 ad
566 454 741 547 principes
765 452 847 525 talis
872 452 1037 547 obrepsio
1054 454 1205 547 Juatissi·

159 595 257 644 mum
275 571 407 642 habere
420 570 560 640 videtur
576 569 644 640 hoc
661 569 882 664 supplicium,
895 578 938 641 ut
956 569 1029 642 illis
1045 571 1204 644 omnibus

158 697 312 771 careant,
329 687 373 757 ad
393 710 470 780 quae
488 709 559 755 non
576 688 726 757 veritate
747 687 808 758 sed
825 688 1013 759 mendacio
1035 698 1077 760 et
1101 688 1204 760 simu·

158 805 291 876 latione
316 803 552 896 pervenerint.
605 801 745 873 Deinde
770 803 1001 876 involvuntur
1021 827 1147 877 omnes
1169 807 1204 876 in

157 922 225 993 hoc
251 922 395 999 crimen,
414 919 474 1011 qni
501 917 629 999 literas,
655 921 900 1005 instrumenta,
926 923 1146 1017 syngraphas
1168 932 1204 995 et

156 1040 262 1132 hujus
279 1037 418 1131 generis
434 1035 504 1106 alia
520 1058 742 1129 quaecunque
759 1037 899 1131 scripta,
913 1061 996 1109 cum
1014 1037 1078 1109 illa
1094 1040 1206 1110 sciant

156 1157 282 1226 vitiata
307 1152 362 1223 vel
394 1149 599 1244 depravata¹
627 1174 713 1234 esse,
739 1165 860 1223 tamen
890 1153 1016 1224 eadem
1041 1154 1139 1247 apud
1168 1176 1205 1225 se

157 1271 328 1352 detinent,
346 1277 383 1337 et
407 1265 468 1337 illa
489 1289 556 1337 nec
578 1275 759 1360 rumpunt,
777 1289 843 1337 nec
860 1278 1029 1351 exurunt,
1045 1290 1116 1338 neo
1132 1266 1205 1337 ullo

155 1385 262 1454 modo
289 1380 456 1464 abolent;
493 1381 602 1450 immo
630 1404 675 1450 ne
692 1389 823 1452 notam
851 1382 995 1473 quidem
1021 1394 1205 1477 apponunt

155 1499 277 1582 ullam,
295 1521 365 1591 qua
385 1497 518 1567 secerni
546 1496 691 1588 possint.
744 1495 841 1566 Nam
867 1497 1037 1567 damnum
1064 1518 1113 1568 ex
1137 1496 1205 1568 illis

155 1618 200 1687 ad
227 1623 386 1708 posteros
415 1635 506 1705 saepe
535 1612 726 1683 descendit.
789 1612 955 1706 Denique
985 1613 1067 1685 illos
1096 1617 1204 1688 etiam

155 1754 293 1824 acquum
313 1740 368 1800 cst
388 1730 457 1799 huc
475 1729 706 1810 annumerari,
725 1753 876 1821 quorum
897 1739 971 1801 tam
995 1732 1205 1805 insatiabilis

155 1855 193 1916 et
210 1846 312 1915 hians
329 1844 502 1935 cupiditas
520 1852 583 1926 est,
601 1854 644 1914 nt
661 1844 809 1915 eandem
831 1868 904 1915 rem
927 1844 1079 1916 solidam
1096 1857 1136 1917 et
1151 1849 1204 1918 in-

155 1975 290 2059 tegram
318 1962 462 2032 diversis
487 1959 665 2054 partibus²
689 1961 896 2046 distrahant,
913 1972 952 2032 et
973 1962 1123 2036 diversis
1140 1965 1202 2036 ho·

153 2080 308 2150 minibus
325 2078 526 2150 divendant.

153 2293 232 2379 (lap.
251 2311 279 2356 2.
303 2292 408 2377 Hujus
422 2291 561 2356 criminis
575 2290 622 2355 rei
635 2298 663 2356 ct
676 2291 803 2378 stupenti
817 2291 960 2377 quomodo
974 2294 1201 2359 mamistam.
1213 2312 1224 2356 1

204 2431 281 2502 Hos
317 2432 425 2525 igitur
454 2455 495 2502 ac
525 2454 647 2501 corum
682 2430 823 2512 similes,
851 2440 975 2502 contra
1002 2456 1093 2525 quos
1123 2435 1199 2508 salsi

152 2548 285 2617 crimen
312 2547 415 2638 objici
442 2557 569 2640 potest,
585 2548 701 2637 judex
726 2547 802 2617 istis
828 2558 980 2639 quatuor
1004 2552 1200 2623 rationibus

151 2665 348 2744 conveniet,
375 2687 437 2756 per
468 2664 729 2754 inquisitionem
760 2665 936 2747 nimirum,
962 2676 1026 2736 aut
1056 2690 1200 2738 accusa·

151 2781 294 2861 tionem,
313 2780 367 2849 vel
393 2781 650 2871 exceptionem,
673 2779 728 2848 vel
756 2781 1074 2853 denuntiationem.
1127 2784 1197 2869 Qui

150 2921 233 2967 vero
260 2897 337 2967 falsi
362 2920 430 2965 non
458 2897 605 2966 obscure
625 2906 809 2988 suspectus
836 2897 953 2977 fuerit,
980 2921 1063 2968 cum
1084 2902 1197 2991 judex

149 3012 364 3105 apprehendi
396 3012 541 3093 curabit,
569 3022 606 3082 et
635 3011 892 3104 apprehensum
923 3037 992 3083 non
1021 3015 1196 3100 liberabit,

149 3131 261 3200 donec
280 3129 330 3199 illi
350 3130 393 3198 de
412 3130 560 3198 veritate
579 3129 682 3221 plane
699 3127 927 3200 constiteritl.

429 3343 506 3427 Cap.
524 3363 552 3427 3.
580 3342 787 3406 convictorum
795 3365 909 3428 poenoe.

198 3479 268 3562 Qui
288 3502 370 3549 vero
396 3481 550 3550 accusati
578 3482 709 3550 fuerint
735 3492 773 3551 et
795 3482 955 3576 legitime
982 3484 1147 3565 convicti,
1164 3486 1189 3555 ai

146 3597 302 3686 conquiri
318 3597 451 3686 possint
469 3607 507 3666 ct
524 3598 683 3678 inveniri,
696 3622 816 3690 poenas
829 3598 1084 3670 ecclesiasticas
1101 3603 1191 3672 subi-

146 3710 236 3778 bunt
262 3712 425 3803 judicum
456 3713 600 3783 arbitrio
635 3716 703 3783 rito
733 3715 989 3806 pronunciatus.
1054 3716 1190 3787 Deinde.

146 3826 318 3895 fructibus
343 3828 514 3897 carebunt
540 3839 577 3899 ct
603 3829 861 3910 emolumentis
881 3855 958 3923 quac
985 3831 1126 3903 fueraut
1147 3856 1188 3902 ex

144 3939 324 4031 scripturis
345 3943 527 4033 corruptis,
546 3952 609 4011 aut
630 3943 703 4013 ulla
726 3944 862 4013 ratione
886 3945 1069 4036 perversis,
1087 3944 1131 4014 ad
1153 3966 1187 4013 se

143 4065 366 4145 perventura,
381 4065 417 4124 et
435 4055 504 4124 illis
518 4058 623 4126 etiam
640 4059 800 4149 quaejam
819 4060 1054 4151 pervenerint.
1100 4060 1187 4131 Prae·

144 4182 240 4240 terea
259 4180 439 4264 cogentur,
454 4183 624 4263 quantum
645 4175 832 4245 facultates
851 4177 977 4255 sinent,
992 4176 1062 4247 illis
1079 4179 1186 4249 omui-

248 4306 254 4343 ¹
272 4310 424 4383 dcprivata.
588 4306 600 4343 ²
616 4314 712 4385 pactis.
871 4312 885 4355 3
900 4317 1088 4373 constituerit.
