2692 4800
176 288 250 361 226
514 308 563 359 aa
589 308 890 362 raoeasrouraua

231 571 308 657 Gap.
318 592 351 654 4.
372 568 520 636 Prolata
534 592 594 636 soa
607 580 651 636 eat
663 571 864 647 cdmidoada,
879 572 944 639 sbi
958 594 1009 638 reo
1016 584 1173 659 prmo,

451 682 575 760 culpor
588 675 807 739 mumdum
820 673 948 741 caena.

225 812 436 905 Quanquam
467 837 550 884 vero
574 814 698 906 judici,
727 823 764 886 et
794 838 865 886 non
894 817 998 910 parti,
1027 819 1119 889 tides
1145 820 1220 891 iaci·

175 929 268 1000 enda
290 931 346 1014 sit,
365 927 547 1002 nolumus¹
573 938 693 1000 tamen
715 931 857 1024 aliquod
879 932 1100 1026 probationis
1117 958 1220 1030 genua

174 1047 341 1119 adversus
375 1046 530 1140 aliquem
564 1047 706 1118 admitti
741 1048 798 1118 vel
832 1049 1004 1134 exhiberi,
1035 1053 1105 1123 nisi
1136 1049 1222 1147 ipse¹

175 1173 239 1235 aut
262 1185 412 1256 praesens
435 1164 635 1246 meritant
657 1187 721 1257 per
742 1167 1005 1239 contumaciam
1030 1167 1167 1241 absens.

205 1372 282 1459 (lap.
295 1387 326 1457 5.
350 1368 660 1454 Prodctiosaeieadc
674 1381 715 1436 est
729 1371 895 1456 injudicio
909 1380 958 1439 02³
971 1375 1197 1459 corcmysdiea

228 1516 397 1588 Probatio
427 1517 630 1610 recipienda
658 1528 713 1588 est
740 1541 859 1589 coram
882 1519 1020 1611 judice,
1047 1530 1087 1591 et
1116 1522 1153 1591 in
1171 1522 1224 1614 jn·

176 1634 279 1717 dicio,
305 1656 377 1703 non
400 1642 503 1704 extra
522 1634 710 1725 judicium,
728 1657 843 1727 neque
865 1658 983 1706 coram
1006 1639 1147 1709 notario
1167 1650 1224 1710 aut

176 1749 379 1821 tabellione.

363 1957 442 2045 Gap.
455 1961 486 2023 6.
511 1959 620 2023 Actori
633 1981 692 2024 ooo
708 1982 756 2024 reo
770 1960 893 2025 intereat
902 1959 1046 2047 prodere.

228 2093 364 2167 Actor-e
389 2118 459 2166 non
483 2095 666 2188 probante,
690 2119 770 2168 reus
794 2099 902 2169 etiam
926 2099 953 2169 si
979 2097 1068 2168 nihil
1095 2102 1222 2192 praest-i·

177 2211 271 2294 terit,
302 2210 536 2282 absolvendus
570 2221 635 2295 est,
670 2212 736 2283 nisi
772 2220 879 2283 tantae
913 2215 1082 2286 adversus
1115 2217 1222 2309 ipsum

177 2329 469 2420 praesumptiones
502 2328 695 2420 insurgant,
730 2338 770 2399 ut
809 2329 845 2398 in
885 2352 967 2400 eum
1005 2332 1222 2423 probationes

178 2441 383 2514 transferre⁴
405 2444 551 2537 possint.
602 2443 748 2537 Alioqui
775 2446 869 2516 enim
893 2470 964 2517 non
988 2448 1159 2520 convenit
1178 2456 1223 2534 ut,

179 2571 299 2630 actore
321 2559 438 2653 palam
456 2560 645 2652 profitente
661 2559 675 2603 ⁵
693 2584 731 2630 se
753 2562 900 2653 probare
925 2585 996 2633 non
1014 2586 1118 2655 posse
1138 2564 1223 2657 quod

180 2676 402 2759 asseveravit,
436 2673 557 2746 reum6
594 2679 805 2748 necessitate
838 2680 1058 2750 monstrandi
1096 2691 1224 2751 contra·

179 2794 273 2864 rium
308 2794 506 2887 astringat3
544 2817 625 2864 cum
656 2817 719 2885 per
753 2818 869 2864 rerum
899 2806 1065 2866 naturam
1099 2797 1225 2868 facturn

180 2910 343 3005 negantis
377 2909 475 2980 nulla
505 2909 665 3001 probatio
701 2912 757 2981 sit.
822 2910 866 2980 In
897 2914 1072 3004 negativis
1102 2922 1224 2995 tamen,

181 3027 367 3098 coarctatis
397 3025 475 3095 loco
505 3035 543 3096 et
578 3037 747 3118 tempore,
780 3037 935 3097 veterem
971 3030 1121 3100 modum
1157 3052 1225 3123 pro·

181 3144 287 3214 bandi
312 3142 488 3214 observari
511 3142 683 3213 volumus.

453 3350 529 3436 Cap.
543 3369 573 3431 7.
601 3351 774 3415 Contraria
787 3352 988 3437 probatiores.

235 3502 273 3572 Si
300 3501 345 3571 ab
368 3523 438 3569 una
463 3509 501 3569 et
526 3499 650 3568 eadem
677 3508 778 3590 parte
803 3502 985 3570 contrariae
1010 3502 1229 3595 probationes

184 3618 374 3713 aliquando
397 3616 645 3708 producantur,
671 3617 821 3685 invicem
846 3616 910 3686 eibi
939 3617 1022 3709 ipsis
1045 3627 1084 3689 et
1110 3621 1229 3691 merito

186 3736 354 3829 derogare
380 3734 523 3804 debent.
575 3730 629 3801 At
652 3733 679 3802 si
703 3755 724 3802 a
747 3733 891 3803 diversis
916 3734 1075 3826 partibus
1101 3745 1231 3809 contra·

184 3854 238 3925 ria
260 3851 417 3922 fortassis
440 3848 649 3942 allegantur,
674 3859 711 3919 et
735 3851 1012 3941 proponentibus
1036 3851 1233 3944 hujusmodi

186 3968 411 4065 probationes
433 3964 600 4037 adhibitae
621 3967 762 4048 fuerint,
781 3966 915 4036 fortiori
939 3967 1162 4059 probationi⁷
1181 3970 1233 4043 ad·

230 4242 239 4284 1
255 4235 395 4294 volumus.
529 4237 542 4278 2
556 4234 627 4308 ipso.
759 4228 772 4265 ³
786 4243 814 4289 et
831 4253 879 4289 om.
1014 4239 1027 4276 ⁴
1041 4238 1202 4297 transferri.

270 4328 284 4367 ⁶
298 4333 451 4412 profitente
465 4350 495 4389 ae
509 4331 655 4407 profitenti
667 4348 706 4388 se.
775 4334 904 4389 ⁶rerum.
959 4336 971 4377 ⁷
985 4332 1169 4408 probatione.
