2692 4800
148 266 221 331 110
384 279 433 329 os
450 277 619 330 sconsam
637 279 681 329 nr
698 278 882 331 rumonus
898 278 999 343 mus,
1218 281 1238 331 c

144 433 364 514 cathedralis,
388 443 426 503 et
452 432 598 503 schedas
629 431 762 504 foribus
790 432 925 515 affixas,
951 433 1049 506 diem
1077 431 1197 524 hujus·

144 553 239 622 modi
271 550 469 644 pervulgari
500 549 694 632 mandabit,
720 557 798 619 toto
831 572 956 621 meuse
990 550 1194 644 priusquam

144 667 315 761 synodum
336 667 510 737 instituat.
545 664 715 736 Liberum
730 688 813 736 vero
829 666 862 736 ei
881 666 928 738 sit
944 688 1195 760 quemcunque

144 784 240 853 diem
259 782 410 853 voluerit
427 783 471 852 ad
495 782 532 852 id
556 781 717 874 accipere
737 791 818 874 post
834 782 1052 855 dominicam
1072 805 1194 855 secun

144 900 225 969 dam
257 898 542 991 quadragesimae.
595 896 643 966 Et
673 896 904 968 nihilominus
932 898 1129 993 praevidoat
1156 908 1195 969 ut

145 1016 285 1109 parochi
311 1025 348 1086 et
370 1015 488 1084 vicarii
512 1023 585 1083 tam
610 1023 749 1085 mature
776 1014 913 1108 possint
935 1015 1063 1101 redire,
1081 1024 1126 1087 ut
1141 1015 1193 1089 die

146 1131 322 1201 dominica
336 1129 532 1222 palmarum
550 1153 571 1201 a
589 1152 652 1200 suo
666 1128 797 1222 populo
811 1152 881 1199 nou
897 1129 1026 1200 absint.
1062 1128 1194 1202 locum

146 1268 229 1314 vero
264 1246 300 1313 in
326 1239 406 1314 sual
440 1244 580 1314 dioecesi
612 1245 745 1340 deligat
779 1246 846 1317 sibi
877 1246 1065 1340 episeopus
1094 1269 1195 1340 quern

146 1362 321 1445 omnibus,
350 1362 409 1454 qui
438 1362 608 1431 accessuri
638 1371 733 1444 sunt,
754 1361 970 1453 judicaverit
996 1384 1076 1434 esse
1105 1386 1195 1435 com·

146 1478 401 1548 modissimum.
441 1475 476 1547 Α
494 1477 629 1570 synodo
648 1499 730 1547 vcro
748 1476 837 1547 nulli
855 1500 902 1548 ex
919 1476 1060 1550 clericis
1077 1479 1195 1551 abesse

147 1594 278 1676 licebit,
293 1595 357 1663 nisi
377 1594 478 1685 cujus
495 1594 760 1663 excusationem
780 1594 964 1686 episcopus
982 1596 1060 1689 ipse
1076 1618 1197 1689 appro

148 1709 295 1781 benerit.
348 1708 396 1778 Et
415 1709 490 1801 ipse
508 1732 587 1779 cum
613 1710 735 1801 primis
753 1731 903 1801 praesens
923 1709 1050 1781 adesto
1067 1712 1196 1805 episoc-

148 1848 224 1919 pus,
242 1835 280 1895 et
295 1827 607 1917 (quemadmodum
622 1848 686 1917 par
697 1828 766 1916 est)
780 1825 913 1918 synodo
925 1827 1070 1919 praesit:
1093 1850 1196 1920 quem

147 1945 176 2015 si
195 1943 400 2038 gravissima
416 1964 522 2012 causa
537 1942 692 2012 fortassis
709 1941 832 2013 abesse
845 1942 1014 2035 coegerit,
1027 1943 1107 2035 ejus
1123 1942 1197 2014 loco

149 2060 283 2153 synodo
302 2058 418 2151 praesit
436 2059 712 2129 archidiaconus.

361 2269 438 2355 (lap.
453 2288 503 2335 21.
527 2270 692 2356 Dofhrmo
707 2267 853 2335 labendo
865 2269 984 2354 synodi.

201 2409 260 2480 Ad
288 2409 405 2480 locum
432 2433 536 2503 quem
564 2411 748 2504 episcopus
776 2412 1006 2506 assignaverit
1032 2412 1091 2483 die
1119 2436 1198 2484 con·

150 2528 245 2598 dicta
262 2527 377 2597 clerus
394 2528 495 2611 adsit,
513 2537 550 2597 et
567 2551 671 2598 mane
692 2529 779 2597 hora
795 2528 946 2620 septima
962 2528 1008 2600 sd
1025 2529 1198 2622 templum

151 2645 346 2725 conveniat,
366 2646 588 2738 primumque
613 2646 649 2713 in
674 2644 792 2713 medio
815 2642 949 2736 templo
975 2667 1201 2737 precesque

152 2762 301 2831 Litaniae
323 2768 503 2842 vocantur,
521 2760 667 2831 solemni
693 2761 763 2829 ritu
782 2760 1077 2831 decantabuntur.
1132 2761 1200 2831 De-

152 2878 233 2947 inde
256 2877 533 2961 archidiaconus‚
552 2875 608 2944 vel
632 2877 816 2969 episcopus
838 2877 925 2969 ipse,
946 2877 975 2946 si
999 2877 1103 2961 adsit,
1120 2901 1200 2949 con-

151 2991 357 3072 cionabitur,
384 2993 491 3084 idque
520 2991 641 3084 lingua
674 3001 845 3074 materna,
872 2993 938 3062 nisi
968 2991 1074 3063 aliter
1098 3016 1201 3064 causa

152 3109 312 3202 legitima
336 3109 494 3179 suaserit.
547 3107 727 3178 Coneione
748 3132 830 3178 vero
853 3109 1026 3192 absoluta,
1044 3132 1200 3180 commu-

152 3224 211 3291 nio
236 3222 494 3306 celebrabitur3
530 3246 600 3315 qua
625 3234 779 3315 peracta,
797 3224 982 3316 episcopus
1007 3224 1051 3294 ad
1083 3223 1198 3295 locum

152 3340 305 3431 aliquem
324 3339 527 3409 interiorem
545 3362 626 3408 cum
646 3349 722 3409 toto
740 3339 835 3409 clero
853 3341 1030 3433 migrabit,
1049 3340 1200 3412 exclusis

153 3455 316 3524 omnihus
342 3453 450 3537 laicis,
478 3455 519 3524 iis
550 3456 710 3546 exceptis
737 3478 825 3546 quos
855 3457 929 3548 ipse
959 3478 1103 3527 manere
1126 3458 1200 3550 jus-

153 3573 248 3655 serit,
267 3572 499 3663 omnibnsque
517 3571 639 3640 ordine
656 3572 930 3655 considentibus,
947 3573 1105 3644 maxima
1121 3579 1239 3645 curuli

152 3690 326 3781 gravitate
350 3711 558 3779 summaque
584 3710 669 3780 pace
695 3688 740 3757 de
765 3688 820 3758 his
845 3698 979 3782 agetur,
1001 3712 1080 3781 quae
1103 3712 1200 3761 max-

153 3806 224 3875 ime
243 3806 435 3874 necessaria
454 3805 526 3874 visa
543 3804 685 3873 fuerint.

603 4001 610 4040 ¹
627 4026 677 4063 sua
692 4025 743 4064 om.
