2692 4800
98 317 130 366 ;ο.
467 314 707 375 uaoauneua
732 314 894 366 omucns.
1131 295 1201 360 103

155 467 313 551 ecclesia,
348 467 424 539 siue
460 470 616 539 maxima
649 477 687 538 et
721 468 968 561 urgentissima
1002 488 1107 536 causa
1141 487 1203 556 per

155 585 333 678 proprium
352 584 558 677 episcopum
576 583 811 676 approbanda.

467 837 545 922 Oap.
563 858 593 920 9.
618 837 666 901 Do
673 835 913 920 prebendariis.

201 958 532 1030 Praebendariorum
564 958 632 1030 erit
661 982 731 1028 non
766 959 872 1028 modo
907 958 1013 1028 sacris
1047 955 1204 1027 ecclesiae

152 1075 365 1147 cathedralis
389 1077 570 1159 interesse,
591 1098 632 1146 ac
658 1098 701 1146 ea
726 1075 878 1145 vicissim
897 1076 1006 1165 juxta
1031 1074 1204 1144 constitu·

152 1192 268 1262 tiones
294 1190 434 1286 collegii
457 1213 634 1286 peragere,
652 1191 713 1261 sed
731 1192 840 1261 etiam
858 1189 997 1260 efficere
1018 1199 1060 1260 ut
1082 1190 1118 1259 in
1139 1212 1203 1260 suo

152 1308 305 1402 collegio
327 1330 392 1400 per
416 1308 563 1378 doctum
594 1308 708 1376 virum
738 1316 777 1378 et
811 1307 965 1399 peritum
995 1305 1202 1400 theologum

151 1448 331 1496 sacrarum
361 1423 541 1495 literamm
571 1424 817 1516 interpretatio
849 1422 1068 1514 suscipiatur,
1094 1431 1202 1514 atque

151 1539 186 1609 id
204 1539 315 1610 teria
333 1537 556 1610 hebdomada
572 1537 828 1630 frequentetur.
873 1535 954 1606 Hoc
973 1559 1055 1605 vero
1073 1557 1202 1605 munus

149 1652 231 1726 ant¹
250 1656 316 1748 ipsi
341 1677 405 1747 per
427 1677 465 1725 se
488 1655 628 1736 obeant,
646 1662 710 1724 aut
733 1654 762 1724 si
788 1676 893 1745 quem
918 1652 962 1722 ad
987 1652 1024 1721 id
1046 1651 1205 1722 condux·

129 1773 253 1851 erint,
279 1770 407 1864 viginti
433 1770 540 1841 libras
569 1769 752 1840 aunuatim
783 1768 1021 1861 suppeditent,
1047 1767 1122 1838 sive
1153 1791 1199 1838 ex

149 1885 398 1957 communibus
423 1884 563 1980 collegii
590 1886 830 1978 proventibus,
856 1885 930 1954 sive
955 1905 1001 1954 ex
1027 1883 1203 1953 fructibus

150 2002 369 2097 singularum
399 2001 687 2095 praebendarum
725 2011 788 2072 aut
816 2001 844 2071 si
879 2000 1101 2072 commodius
1135 1999 1204 2070 hoc

150 2120 327 2204 videatur,
346 2128 480 2188 certam
503 2118 678 2211 quandam
704 2117 929 2211 prebendam
954 2117 1038 2188 huic
1063 2117 1203 2189 muneri

149 2234 331 2305 addictam
348 2242 522 2328 perpetuo
540 2235 706 2306 habeant.
758 2233 924 2305 Decanus
945 2235 1032 2304 item
1057 2243 1096 2306 et
1118 2257 1205 2326 prae·

150 2351 310 2422 beudarii
338 2352 545 2422 concionem
577 2351 734 2422 habeant
761 2352 797 2421 in
829 2349 978 2422 ecclesia
1007 2350 1203 2422 cathedrali

150 2466 301 2560 singulis
328 2467 515 2537 dominicis
540 2466 677 2549 diebus,
694 2490 761 2538 nec
785 2467 830 2538 ab
853 2490 896 2538 ea
921 2489 1038 2559 neque
1060 2491 1082 2538 a
1102 2468 1204 2539 theo-

150 2582 266 2676 logica
291 2581 446 2654 lectione
469 2582 590 2654 licebit
616 2584 781 2676 cuiquam
807 2582 967 2655 ecclesiae
991 2584 1203 2656 cathedralis

149 2698 278 2770 clerico
314 2698 357 2788 (si
396 2700 492 2769 domi
532 2699 654 2792 fuerit)
694 2701 826 2772 abesse.
895 2699 934 2770 Si
977 2724 1060 2772 vero
1099 2701 1201 2783 absit,

149 2814 319 2907 stipendii
342 2816 446 2885 unius
469 2814 617 2886 mensis²
639 2816 774 2888 mulcta
791 2817 947 2900 feriatur,
966 2816 1031 2887 nisi
1056 2818 1202 2902 decano,

151 2929 218 3012 vel,
236 2932 266 3001 si
292 2930 396 3013 absit,
414 2932 489 3024 ejus
514 2932 652 3013 vicario,
669 2955 810 3004 causam
835 2932 1003 3004 absentiae
1025 2957 1097 3004 suae
1124 2957 1204 3026 pro·

151 3046 300 3116 baverit.

290 3190 369 3278 Oap,
385 3213 434 3257 10.
458 3193 506 3257 Dc
519 3192 724 3279 opncoporum
736 3195 841 3277 prada
855 3218 893 3261 oc
907 3195 1057 3282 deodate

584 3295 618 3358 in
629 3295 775 3360 Eccleaio.

192 3416 368 3511 Episcopi,
387 3418 552 3509 quoniam
570 3419 664 3488 inter
682 3426 819 3490 ceteros
836 3417 1006 3490 Ecclesia
1023 3421 1202 3494 ministros

148 3530 267 3602 locum
297 3531 493 3624 principem
524 3541 659 3614 tenent,
686 3533 767 3604 ideo
797 3556 881 3604 sana
908 3534 1076 3616 doctrina,
1102 3539 1201 3630 gravi

148 3648 377 3731 authoritate,
395 3656 503 3740 atque
525 3649 672 3741 provido
694 3649 839 3720 consilio
860 3650 993 3723 debent
1017 3652 1200 3727 inferiores

147 3764 289 3835 ordines
312 3764 406 3848 cleri,
424 3765 699 3857 universumque
725 3765 895 3858 populum
919 3765 988 3838 Dei
1011 3791 1132 3863 regere
1157 3794 1200 3843 ac

147 3903 302 3973 pascere,
328 3903 399 3951 non
425 3904 509 3952 sane
539 3892 581 3952 ut
607 3881 835 3953 dominentur
864 3906 987 3954 eorum
1016 3883 1109 3969 fidei,
1135 3888 1197 3958 sed

146 4005 190 4067 ut
224 3997 356 4088 seipsos
393 4020 474 4068 vere
508 4020 625 4069 servos
663 4021 842 4069 servorum
881 3998 950 4069 Dei
984 3999 1197 4088 exhibeant;

144 4112 331 4203 sciantque
348 4112 601 4186 authoritatem
620 4122 658 4184 et
676 4114 964 4207 jurisdictionem
989 4115 1199 4192 ecclesiasti·

316 4311 323 4351 ¹
339 4327 388 4376 aut
402 4337 451 4374 om.
838 4318 852 4364 ²
866 4319 971 4377 mensis
985 4338 1034 4376 om.
