2692 4800
149 257 221 330 106
360 276 408 327 ns
433 277 601 328 scotasrs
623 277 668 327 rrr
693 277 876 330 urnrsrars
899 276 998 341 mua
1192 278 1220 331 c.
1233 282 1255 355 ¹5

146 433 331 515 seminent,
349 432 605 503 rusticanorum
623 433 877 527 negligentiam
899 441 939 505 et
960 433 1191 506 mtiouern

146 548 341 641 explent-es,
359 550 421 619 sed
444 549 504 640 qui
529 548 639 619 etiam
661 549 705 618 ad
729 546 818 618 illud
835 570 967 619 munus
988 548 1190 621 obeundum

146 660 233 732 alios
249 685 295 732 ex
314 661 456 743 familia,
470 670 643 752 quantum
656 662 799 756 ingenio
811 660 963 754 quisque
978 663 1191 735 contendere

146 786 276 870 potest,
305 779 504 849 instituant.
556 776 645 849 Haec
674 800 759 849 sane
791 800 864 849 uua
895 786 952 849 est
980 778 1075 849 ratio
1104 779 1191 851 iuter

146 892 235 963 alios
257 893 488 965 subveniendi
511 902 619 964 tantae
643 894 769 986 inopiae
792 892 967 964 bonorum
982 903 1096 986 atque
1111 892 1190 965 fide·

147 1004 234 1076 lium
260 1005 430 1077 Ecclesia
453 1007 703 1076 ministrorum.
755 1005 816 1078 Sic
839 1007 1005 1078 instituta
1030 1006 1102 1079 fuit
1124 1006 1190 1079 Au·

145 1124 279 1217 gustini
313 1124 450 1208 domus,
485 1132 523 1192 et
556 1133 756 1193 ceterorum
791 1131 930 1215 patrum
966 1123 1029 1214 qui
1063 1124 1188 1219 populo

146 1239 279 1310 Christi
314 1246 437 1310 sancte
470 1239 694 1331 praefirerunt.
759 1238 842 1310 Sint
874 1239 920 1311 ed
955 1238 1033 1311 haec
1066 1262 1189 1312 uxores

145 1356 389 1448 episcoporum
416 1377 638 1447 nequaquam
664 1353 772 1438 leves,
795 1355 926 1439 otiosae,
951 1355 1188 1451 voluptatibus

145 1470 342 1563 implicata,
376 1468 460 1542 nec¹
495 1471 648 1563 pretiose
678 1471 783 1541 mmis
816 1482 1048 1542 exornentur.
1100 1473 1188 1546 Nau

145 1586 200 1658 his
221 1587 324 1658 rebus
342 1587 389 1679 pii
407 1586 568 1658 homines
589 1587 717 1657 mirum
735 1587 773 1656 iu
790 1589 937 1658 modum
954 1587 1187 1672 offenduntur,

146 1712 184 1772 et
213 1702 313 1795 impii
344 1702 553 1798 evangelica
583 1703 749 1774 doctrina
783 1703 976 1775 insolenter
1008 1703 1187 1776 insultant

147 1818 196 1888 Et
221 1818 314 1911 quod
342 1828 397 1889 est
427 1819 581 1911 positum
612 1818 648 1888 in
678 1818 860 1903 uxoribus,
885 1819 930 1891 ad
961 1819 1056 1891 filios
1085 1823 1188 1893 etiam

145 1945 183 2005 et
200 1936 245 2005 ad
262 1934 352 2006 filias
368 1931 511 2005 eorum²
528 1935 668 2006 attinet.
706 1933 806 2018 ¹Quae
824 1958 907 2007 vero
924 1936 1189 2029 comprehendi·

146 2075 225 2122 mus
258 2052 326 2122 isto
366 2059 538 2143 prasente
571 2051 715 2122 decreto
757 2051 802 2121 de
840 2073 964 2133 uxore,
998 2050 1123 2125 liberis
1157 2064 1189 2124 et

146 2168 279 2239 familia
312 2167 478 2260 episcopi,
509 2167 685 2259 pertinere
718 2166 883 2239 volumus
916 2167 1045 2240 eadem
1079 2192 1189 2263 sequa·

145 2285 265 2356 biliter
280 2284 325 2354 ad
343 2283 504 2365 decanos,
517 2284 790 2366 archidiaconos,
808 2284 1005 2367 canonicos,
1023 2285 1189 2377 parochos

145 2409 184 2470 et
201 2408 337 2470 ceteros
354 2396 522 2470 Ecclesiae
543 2399 731 2470 ministros.
784 2399 833 2470 Et
853 2400 890 2470 in
912 2422 1055 2472 summa
1071 2410 1224 2482 veteut5¹

146 2538 287 2586 ornnem
306 2515 516 2607 superbiam,
533 2515 674 2599 fastum,
694 2515 830 2600 luxum,
848 2524 885 2586 et
906 2516 1060 2609 ineptias
1079 2518 1189 2588 omnis

145 2633 293 2726 generis,
307 2632 435 2724 quibus
452 2655 573 2703 eorum
593 2633 793 2724 praedicatio
811 2642 849 2703 et
866 2633 1065 2706 authoritas
1082 2635 1188 2706 minui

146 2750 265 2841 possit.

207 2934 283 3019 Gap.
305 2954 353 3016 14.
376 2935 427 2996 De
441 2932 575 3018 oolleqit’a
591 2934 796 3021 episcoporum
811 2956 895 2998 carce
909 2935 944 2998 in
957 2936 1122 3002 academia

581 3057 754 3100 Oommwm.

195 3159 255 3229 Ad
279 3158 353 3229 hacc
375 3157 536 3227 nonnulli
559 3158 714 3250 episcopi
743 3158 877 3230 habent
902 3159 1021 3251 aliqua
1044 3160 1189 3256 collegia

145 3274 431 3345 scholasticorum
446 3273 640 3344 defensioni
654 3284 762 3365 atque
776 3275 897 3345 tutelae
910 3298 980 3345 suae
996 3277 1188 3348 commissa.

146 3389 233 3460 Ideo
267 3390 502 3460 necessarium
537 3400 592 3460 est
633 3399 674 3459 ut
708 3413 750 3461 ea
784 3414 889 3482 quam
924 3391 1190 3485 diligentissime

147 3517 294 3592 curent;
334 3529 415 3577 narn
449 3506 499 3576 ibi
533 3529 674 3597 quoque
709 3503 872 3578 Ecclesia
904 3507 1014 3578 habet
1048 3531 1190 3580 suorum·

146 3623 385 3694 ministrorum
418 3621 568 3692 alterurn
605 3622 842 3694 seminarium.
895 3622 1055 3694 Videant
1086 3624 1190 3718 igitur

146 3737 345 3831 diligenter,
358 3746 400 3806 ut
417 3735 573 3828 praefecti
591 3734 757 3806 salubris³
776 3739 812 3807 in
830 3760 927 3808 sacra
944 3736 1142 3829 Scriptura,
1155 3748 1189 3810 et

145 3853 285 3923 sincerae
303 3853 469 3923 doetrinae
489 3852 683 3922 retinentes
701 3854 785 3938 sint,
802 3876 953 3946 eamque
970 3855 1066 3926 inter
1082 3857 1189 3928 socios

146 3968 285 4061 collegii
315 3969 368 4038 sui
397 3967 557 4050 dilatent,
584 3968 703 4038 hostes
732 3971 888 4039 maxime
914 3970 1113 4062 pertinaces
1140 3995 1189 4042 re-

148 4087 329 4178 primendo
354 4097 390 4156 et
413 4087 617 4156 coercendo.
672 4084 767 4156 Nam
789 4088 818 4155 si
841 4086 908 4157 hoc
930 4086 1071 4169 faciant,
1090 4098 1127 4158 et
1146 4111 1187 4158 ex

271 4277 277 4315 ¹
295 4295 338 4332 no.
527 4272 538 4309 ²
552 4293 649 4330 eorum
665 4293 715 4331 om.
905 4270 917 4306 ³
932 4276 1070 4334 salubres.
