2692 4800
148 257 220 324 108
355 271 403 322 nn
428 272 596 323 sconssn
622 273 667 322 nr
691 273 874 327 nrnrsrsrs
899 274 998 336 arus,
1193 276 1245 327 cr

146 428 182 497 in
210 450 274 497 sua
299 426 441 496 dioecesi
467 425 646 498 ministros
671 450 808 520 pravos,
823 428 992 523 gravibus
1016 430 1134 501 musis
1158 431 1189 502 id

145 541 416 636 postulantibus,
435 539 512 610 loco
536 564 687 626 movere,
705 544 757 614 ita
778 544 844 637 ipsi
866 543 981 615 sciant
1002 567 1055 627 se,
1073 546 1102 617 si
1120 568 1191 617 cor·

144 669 286 752 ruptam
310 656 505 728 doctrinam
524 657 745 742 tradiderint,
762 683 805 731 ao
824 660 1058 753 pertinaciter
1074 663 1189 734 defen-

146 777 273 856 derint,
290 782 352 845 aut
369 771 566 843 Ecclesiam
585 772 766 868 flagitiosis
783 786 820 847 et
838 775 1020 849 dissolutis
1037 778 1188 850 moribus

147 892 366 970 offenderint,
400 911 515 980 neque
552 891 679 960 moniti
719 892 942 984 resipuerint,
975 893 1188 980 authoritate

147 1017 267 1080 nostra
283 1006 509 1099 deponendos
526 1006 610 1087 fore,
628 1016 665 1077 et
682 1006 728 1078 ab
745 1008 894 1080 ecclesia
910 1008 1176 1085 submovendos.

435 1233 512 1318 Cap.
533 1250 581 1316 17.
604 1233 655 1297 De
667 1233 908 1321 archiepiscopis.

198 1354 329 1426 Omnia
358 1379 435 1448 quae
465 1356 510 1425 de
539 1356 710 1448 episcopis
739 1357 933 1428 constituta
961 1365 1050 1429 sunt
1083 1357 1128 1429 ad
1156 1380 1187 1429 se

147 1475 324 1566 pertinere
357 1472 609 1566 archiepiscopi
637 1495 778 1566 quoque
807 1475 871 1566 ipsi
902 1484 1121 1568 agnoscant3
1156 1485 1187 1546 et

147 1600 273 1682 praeter
297 1588 359 1660 illa
383 1612 512 1659 munus
537 1611 660 1659 eorum
686 1598 741 1660 est
766 1590 801 1659 in
828 1612 892 1660 sua
916 1591 1100 1683 provincia
1123 1592 1187 1684 epi-

147 1729 271 1799 scopos
288 1705 469 1787 collocare,
487 1727 569 1776 curn
590 1727 612 1774 a
631 1705 732 1775 nobis
750 1704 855 1776 electi
872 1705 1018 1777 fuerint.
1072 1706 1187 1800 thue

148 1823 257 1892 totius
275 1822 459 1914 provinciae
481 1844 551 1892 suae
573 1829 705 1891 statum
730 1821 857 1893 melius
881 1821 1062 1917 intelligat
1085 1823 1187 1894 archi-

148 1940 344 2029 episcopus,
379 1936 488 2007 semel
527 1937 743 2029 provinciam
780 1960 878 2008 snam
917 1939 1132 2023 universam,
1163 1940 1186 2009 si

149 2053 267 2146 possit,
286 2053 419 2123 ambiet
436 2061 474 2123 et
492 2053 658 2123 visitabit.
703 2052 753 2124 Et
769 2055 908 2145 quoties
923 2055 1118 2148 contigerit
1134 2055 1188 2127 ali·

149 2191 236 2260 quas
254 2190 378 2238 vacare
394 2169 494 2238 sedes
511 2167 735 2261 episcopales,
749 2169 993 2262 episcoporum
1011 2168 1110 2241 locos
1127 2193 1188 2241 non

148 2285 254 2354 modo
272 2284 309 2353 in
328 2284 537 2365 visitatione,
556 2283 743 2354 sedetiam
762 2285 798 2354 in
816 2283 1070 2355 beneficiorum
1089 2284 1190 2357 collo·

148 2400 298 2483 catione,
319 2411 356 2470 et
383 2399 546 2470 omnibus
575 2399 651 2470 aliis
678 2400 919 2471 functionibus
946 2400 1190 2475 ecclesiasticis

149 2517 321 2609 implebit.
372 2516 468 2600 Quin
486 2526 524 2587 et
542 2516 602 2586 nbi
620 2518 773 2610 episcopi
791 2525 883 2599 sunt,
901 2519 930 2589 si
953 2539 1015 2589 eos
1037 2519 1189 2591 animad-

149 2643 265 2704 vertat
290 2636 326 2703 in
352 2634 423 2703 suis
448 2634 654 2703 muneribus
680 2633 851 2715 curandis,
874 2642 912 2704 et
936 2637 1132 2725 presertim
1158 2636 1189 2706 in

149 2751 361 2844 corrigendis
399 2751 501 2833 vitiis,
536 2750 705 2839 tardiores
739 2760 776 2820 et
810 2749 1086 2843 negligentiores
1121 2775 1190 2823 esse

149 2889 255 2958 quam
273 2867 309 2936 in
326 2867 442 2960 gregis
456 2865 601 2936 Domini
620 2867 792 2959 praefectis
808 2866 889 2936 ferri
907 2865 1027 2958 possit,
1042 2868 1189 2960 primum

148 2982 227 3053 illos
253 2993 399 3075 paterne
424 2984 601 3053 monebit:
629 2982 774 3075 quodsi
801 2981 996 3052 monitione
1023 3005 1096 3052 non
1120 3007 1191 3076 pro

149 3098 265 3180 fuerit,
292 3097 342 3167 illi
365 3098 425 3189 jus
455 3107 531 3168 esto
562 3098 648 3169 alios
679 3099 714 3166 in
740 3097 881 3167 illorum
909 3095 987 3167 loco
1012 3097 1189 3170 collocare.

148 3212 418 3307 Appellantium
437 3215 544 3283 etiarn
563 3213 607 3282 ad
628 3236 665 3283 se
683 3212 842 3304 querelas
859 3234 1052 3303 causasque
1075 3213 1226 3290 andiet5²

148 3340 186 3402 et
205 3329 392 3423 judicabit.
446 3329 611 3422 Episcopi
633 3352 703 3398 sune
726 3329 922 3421 provinciae,
940 3329 969 3398 si
995 3351 1066 3420 qna
1091 3328 1138 3399 de
1159 3350 1190 3398 re

150 3447 242 3516 inter
264 3469 301 3516 se
327 3446 573 3516 contenderint
599 3454 661 3514 aut
685 3443 866 3537 litigarint‚
878 3444 995 3535 judex
1018 3453 1057 3514 et
1078 3443 1192 3515 finitor

149 3564 242 3632 inter
271 3586 331 3633 eos
361 3573 437 3634 esto
468 3562 759 3654 archiepiscopus.
810 3559 870 3631 Ad
900 3561 975 3630 lraec
1005 3561 1129 3632 audiet
1159 3570 1190 3631 et

143 3680 320 3771 judicabit
353 3680 592 3749 accusationes
626 3688 749 3748 contra
783 3678 965 3770 episcopos
1006 3700 1077 3748 suae
1119 3700 1190 3772 pro·

150 3797 282 3865 vinciae.
337 3795 393 3865 Ac
418 3794 569 3885 denique
596 3793 624 3864 si
651 3792 732 3863 ullae
759 3793 1005 3864 contentiones
1030 3808 1093 3863 aut
1116 3793 1190 3863 lites

150 3914 242 3982 inter
275 3912 477 4004 episcopum
513 3921 550 3980 et
584 3909 882 4002 archiepiscopum
923 3920 1012 3979 ortae
1052 3909 1189 3989 fuerint,

150 4038 269 4098 nostro
289 4027 425 4118 jndicio
450 4037 705 4120 cognoscentnr
731 4039 767 4096 et
792 4027 1015 4096 definientur.
1070 4025 1191 4094 Archi·

150 4145 304 4236 episcopi
338 4166 480 4234 quoque
513 4165 643 4212 munus
673 4153 749 4213 esto
780 4144 930 4235 synodos
965 4140 1190 4235 provinciales

151 4269 270 4330 nostro
282 4260 383 4350 jussu
402 4280 604 4326 convocare.
