2692 4800
504 290 653 342 ouruuu
678 291 853 342 Junrcuu.
1123 275 1195 346 207

149 443 312 515 ficiorum
323 445 649 517 ecclesiastieorum.
692 446 733 515 In
745 445 800 516 his
817 468 970 537 namque
984 445 1097 515 causis
1114 467 1195 514 curn

149 560 223 632 suis
262 558 485 632 incidenter¹
525 562 800 654 emergentibus,
834 561 1124 652 dependentibus,
1159 570 1196 630 et

149 678 321 747 connexis
338 678 615 770 quibuscunque,
627 686 734 768 atque
751 677 787 746 in
805 678 967 747 omuibus
984 676 1061 748 aliis
1074 680 1196 760 causis,

149 791 245 882 quod
262 791 308 861 ad
327 794 580 862 correctionem
595 792 731 884 peceati
749 798 895 883 spectat,
907 791 1020 883 judex
1035 791 1198 861 ecelesia-

149 905 269 988 stious,
288 914 326 977 et
350 905 469 977 nullus
494 908 593 988 eiius,
611 930 650 978 se
675 908 899 989 intromittat,
923 917 1121 1001 cognoscat,
1143 904 1198 977 et²

143 1021 295 1113 judicet.

474 1120 523 1184 De
537 1119 727 1184 recusatione
732 1119 861 1203 judicis.

200 1253 410 1327 Ordinerius
430 1257 543 1348 judex
572 1258 713 1348 quando
741 1265 782 1326 ut
808 1264 991 1349 suspectus
1016 1265 1197 1328 recusatus

150 1373 268 1456 fuerit,
287 1373 494 1464 expeditum
519 1383 556 1444 et
579 1373 778 1444 consultum
798 1373 916 1454 idest,
935 1380 976 1442 ut
1001 1373 1076 1443 sine
1099 1395 1198 1443 mora

150 1511 293 1560 eausam
319 1487 424 1558 elicui
450 1488 601 1583 deleget,
619 1490 655 1558 in
680 1512 786 1579 quem
811 1497 940 1580 partes,
965 1494 1134 1578 tauquam
1161 1487 1196 1556 in
1266 1569 1270 1578 ¹

151 1627 224 1674 uon
253 1613 469 1696 suspectum,
496 1605 728 1674 consentiant.
780 1603 885 1687 Quod
913 1603 942 1672 si
960 1604 1058 1694 justa
1080 1603 1198 1695 aliqua

151 1724 289 1793 ratione
306 1729 426 1791 motus
445 1722 561 1792 faeere
578 1721 677 1802 nolit,
695 1743 817 1791 causas
838 1721 1043 1813 suspicionis
1060 1743 1081 1790 a
1099 1742 1198 1791 recu·

151 1848 388 1911 santonorum
412 1861 450 1908 se
466 1839 595 1931 jubeat
619 1839 796 1932 assignari,
815 1837 1006 1928 dequibus
1026 1859 1070 1906 an
1090 1837 1198 1929 justes

150 1955 223 2026 sint
251 1962 466 2047 cognoscent
488 1962 526 2025 et
551 1953 834 2045 pronunciabunt
860 1952 991 2034 arbitri,
1010 1949 1065 2020 vel
1088 1951 1197 2021 aliti·

148 2070 328 2164 gsntibus‚
349 2069 403 2139 rel
421 2093 442 2140 a
452 2071 575 2161 judice
601 2081 638 2140 et
661 2093 721 2139 reo
741 2068 783 2157 (si
810 2068 928 2138 nullus
951 2068 1059 2137 fuerit
1083 2068 1196 2161 actor)

151 2186 280 2270 electi;
305 2195 343 2259 et
360 2210 406 2257 ne
423 2210 478 2257 res
496 2188 628 2257 diutius
651 2184 901 2280 protrahatur³‚
920 2186 1090 2254 terminus
1106 2185 1197 2255 arbi-

150 2306 217 2375 tris
236 2313 292 2375 est
318 2304 558 2397 praefigendus,
576 2328 646 2396 quo
664 2305 709 2374 de
730 2300 860 2373 causis⁴
886 2302 1092 2393 suspicionis
1113 2324 1196 2371 con-

150 2418 314 2499 stituent,
332 2440 376 2488 an
392 2417 498 2508 justae
515 2416 571 2486 vel
590 2418 727 2509 injustae
744 2418 940 2489 videantur.
992 2416 1062 2500 Qui
1079 2418 1107 2487 si
1127 2441 1198 2487 non

151 2533 409 2616 concordarint,
427 2556 499 2603 uno
519 2555 598 2625 pars
619 2556 742 2616 unum,
760 2542 797 2603 et
814 2532 925 2602 alters
941 2532 1092 2601 alterurn
1111 2531 1198 2602 deli-

149 2646 243 2742 gat⁵,
270 2649 331 2741 qui
357 2650 449 2719 intra
475 2658 611 2719 eertum
635 2649 825 2718 terminum
846 2649 1090 2741 pronuncient.
1143 2649 1196 2718 At

150 2765 269 2835 sinon
287 2767 536 2846 consenserint,
554 2766 597 2835 nd
621 2787 658 2834 se
678 2766 823 2834 tertium
842 2764 1028 2848 advocent,
1047 2772 1085 2835 et
1103 2765 1195 2855 quod

150 2882 224 2951 duo
251 2882 481 2966 decreverint,
507 2883 544 2952 id
570 2892 646 2952 esto
671 2882 882 2973 judicatum.
945 2881 993 2950 Et
1020 2882 1048 2950 si
1075 2881 1198 2950 defini·

149 2994 251 3068 tum⁶
270 2997 377 3069 fuerit
402 3001 607 3091 suspicionis
631 3022 752 3070 causas
777 3023 848 3069 non
873 3021 949 3069 esse
968 2997 1092 3089 justas,
1119 3005 1196 3066 tum

149 3116 347 3187 ordinarius
367 3140 515 3187 munere
540 3140 604 3187 suo
624 3118 801 3211 fungatur.
855 3116 918 3186 Sin
937 3138 1020 3185 uero
1046 3136 1198 3206 pronun-

150 3231 293 3303 cientur
309 3234 428 3325 justa,
454 3233 649 3303 ordinarius
678 3241 740 3302 aut
770 3231 949 3324 litigantes
980 3231 1198 3301 transmittet

150 3352 196 3421 ad
222 3351 438 3443 superiorem
461 3352 630 3442 judicem,
657 3349 713 3419 vel
741 3349 802 3418 det
828 3347 895 3417 iliis
921 3347 1133 3440 delegatum,
1160 3347 1197 3417 in

150 3488 259 3559 quem
276 3477 445 3559 tanquam
463 3467 498 3537 in
517 3491 585 3536 non
604 3476 807 3557 suspectum
821 3464 1052 3534 consentiant.
1104 3460 1196 3532 Cum

151 3607 236 3654 vero
258 3585 374 3678 judex
405 3583 597 3654 ordinarius
626 3581 731 3650 fuerit
765 3580 913 3648 vicarius
942 3578 1108 3670 episcopi,
1135 3586 1248 3656 aut99

149 3699 295 3772 inferior
313 3702 486 3792 episcopo,
504 3706 582 3768 tum
600 3698 785 3789 episcopus
802 3697 877 3788 ipse
894 3695 939 3765 de
956 3695 1070 3766 causis
1087 3694 1198 3786 suspi-

150 3817 263 3888 cionis
280 3815 467 3907 judicabit,
494 3837 609 3906 neque
634 3814 783 3885 arbitros
809 3812 976 3882 adhibere
1003 3835 1092 3903 opus
1117 3811 1197 3892 erit,

150 3932 420 4025 nisiepisoopus
437 3932 529 4001 forte
546 3939 648 4001 extre
666 3930 831 4001 dioecesin
850 3929 967 4010 fuerit,
985 3930 1100 3997 autin
1119 3926 1197 3996 loeo

149 4047 267 4118 multo
285 4047 428 4117 distanti
452 4057 554 4141 ognt3
577 4070 659 4117 nem
681 4055 767 4116 tunc
788 4045 921 4126 arbitri,
939 4054 1044 4135 prout
1062 4043 1197 4112 dictum

149 4172 215 4247 est,
234 4161 420 4256 eligentur.

277 4328 286 4365 ¹
303 4324 498 4384 incidentibus.
621 4322 708 4383 ²sut·
858 4317 1075 4397 ³pertrshatur.

273 4419 395 4479 icauna.
620 4419 772 4497 ⁵delegnt.
859 4417 1046 4475 “diffinitum
