2692 4800
148 259 219 327 148
504 276 552 326 na
576 274 832 326 rnsrsrrnrcrus.

268 547 346 633 Oap.
363 565 412 634 23.
436 549 536 612 Pena
551 548 755 613 mosum
768 544 926 612 torento
938 566 1008 633 pao
1021 547 1074 612 sit.

195 687 268 772 Qui
285 689 494 759 nominatim
513 690 549 759 in
568 697 783 760 testamento
804 687 1073 759 constituuntur
1089 686 1199 760 haere·

146 802 221 887 des,
246 828 357 897 quum
387 805 582 876 ordinarius
615 804 695 876 illos
729 804 964 890 admonuerit,
990 813 1030 876 ct
1057 812 1198 876 certam

147 929 287 1013 tempus
305 923 470 1014 posuerit,
491 923 526 991 in
545 945 616 1014 quo
634 922 767 992 debent
789 920 997 994 testamenti
1014 920 1199 992 tractatio·

146 1061 228 1108 nem
249 1039 436 1132 suscipere,
455 1038 511 1109 vel
529 1039 692 1110 ordinarii
716 1039 853 1109 monita
877 1037 963 1111 licet
987 1060 1062 1109 non
1088 1039 1198 1111 inter-

145 1156 325 1239 cesserint,
343 1179 409 1227 ucc
425 1156 455 1227 is
472 1156 659 1249 quicquam
678 1157 715 1226 in
731 1155 799 1227 hac
815 1177 854 1225 re
874 1177 957 1227 cum
977 1153 1049 1226 illis
1072 1155 1197 1249 egerit,

144 1272 174 1341 si
192 1280 287 1342 totos
304 1294 366 1342 sex
384 1294 523 1343 menses
543 1271 687 1342 effluere
710 1273 826 1343 sinant
843 1280 996 1342 mortem
1014 1271 1197 1343 testatoris

146 1389 373 1480 excipientes,
392 1398 429 1458 et
446 1389 491 1460 ad
509 1388 713 1460 testamenti
732 1387 1044 1480 pertractationem
1062 1410 1103 1458 se
1126 1407 1196 1456 non

146 1505 348 1598 adjungant,
364 1528 431 1576 nec
448 1527 589 1576 causam
608 1503 756 1575 afferant
766 1504 985 1597 justamque
1001 1498 1195 1598 coguntur¹

145 1620 191 1692 ab
217 1619 278 1693 illo
303 1621 435 1706 abesse,
461 1622 583 1693 statim
608 1620 803 1695 ordinarius
827 1618 953 1691 illesa
978 1627 1197 1692 testamento

146 1737 333 1819 discludat,
351 1761 418 1809 nec
435 1739 623 1831 quicquam
641 1761 687 1809 ex
704 1760 747 1808 eo
764 1736 921 1830 patiatur
935 1735 982 1807 ad
998 1734 1083 1807 illos
1099 1757 1197 1808 emo-

146 1853 298 1926 lamenti
323 1856 517 1948 pervenire.
579 1854 785 1925 Restituant
810 1861 931 1925 autem
958 1860 996 1923 et
1021 1860 1198 1945 reponant

145 1969 250 2063 plene
275 1979 313 2041 et
338 1970 477 2064 integre
502 1971 530 2041 si
554 1971 743 2062 quicquam
768 1969 864 2063 prius
889 1965 953 2040 de²
977 1976 1197 2040 testamento

146 2084 403 2156 deliberarint:
429 2094 467 2156 et
492 2085 624 2157 mortui
648 2085 852 2178 propinquis
874 2083 944 2155 hoo
966 2084 1155 2178 negotium
1177 2104 1198 2153 a

139 2197 263 2290 judice
281 2199 537 2272 committatur.

218 2426 297 2512 Cap.
317 2445 367 2508 24.
388 2427 437 2491 De
450 2423 663 2491 &inritatam
677 2424 819 2493 mmmm
832 2428 914 2494 tm
926 2425 1064 2492 tesan
1075 2426 1129 2493 eal

529 2527 806 2593 administratores.

198 2666 317 2751 Quum
339 2665 456 2759 plures
480 2665 636 2736 haeredes
654 2665 709 2736 vel
730 2664 1032 2736 administratores
1053 2664 1198 2746 fuerint,

145 2807 262 2877 aquas
287 2784 352 2854 sibi
379 2782 550 2852 bonorum
578 2782 768 2874 particulas
794 2789 946 2861 sument
967 2791 1009 2850 ut
1034 2779 1128 2852 alter
1151 2780 1197 2852 ab

145 2901 260 2974 altero
285 2922 394 2992 quum
421 2900 588 2993 injuriose
613 2899 833 2982 tractabitur,
850 2896 997 2992 singulis
1021 2899 1067 2968 ad
1093 2918 1197 2969 suum

140 3014 203 3109 jus
222 3016 500 3108 recuperandum
521 3016 577 3085 via
594 3036 670 3085 esse
688 3016 807 3107 possit.
859 3015 1068 3085 Ordinarins
1089 3013 1199 3108 igitur

147 3133 215 3203 hoc
233 3132 463 3202 vehementer
479 3130 689 3223 providebit,
707 3139 750 3200 ut
772 3131 846 3201 haec
869 3131 963 3201 inter
983 3130 1063 3202 illos
1087 3130 1199 3202 bonc-

146 3270 225 3318 rum
253 3247 435 3341 aequalitas
461 3269 600 3339 semper
624 3256 863 3334 conservetur,
885 3247 952 3318 nisi
978 3247 1071 3318 forte
1096 3266 1199 3319 secus

146 3365 213 3458 ipsi
230 3365 325 3434 inter
342 3386 379 3435 se
397 3364 491 3456 pacti
510 3364 651 3447 fuerint,
666 3373 728 3434 aut
745 3373 890 3458 propter
901 3364 1044 3435 viduam
1058 3373 1097 3435 et
1110 3365 1199 3435 filio-

147 3504 226 3550 rum
250 3502 391 3550 causam
412 3478 529 3550 aliud³
553 3480 737 3550 consilium
764 3480 960 3551 ordinarius
986 3480 1199 3573 capiendum

148 3618 225 3669 esse
242 3606 354 3690 putet

178 3808 255 3896 Oap.
272 3828 289 3872 a
291 3825 323 3895 5.
351 3811 429 3880 Qaca
444 3809 584 3895 locantur
591 3809 659 3893 piis
673 3807 781 3885 occec,
796 3808 919 3894 qomodo
933 3807 1075 3873 solvenda
1088 3818 1168 3873 sunt.

192 3948 471 4041 'Quamprimum
489 3970 534 4017 aes
551 3948 704 4017 alienum
719 3949 826 4019 firerit
840 3947 1062 4029 dissolutum,
1075 3949 1195 4018 statim

151 4066 275 4137 hocin
297 4065 371 4155 pias
390 4085 511 4134 causas
532 4062 733 4145 collocetur,
751 4064 844 4155 quod
871 4062 941 4133 illis
966 4072 1117 4134 testator
1133 4065 1194 4134 im·

151 4182 284 4275 pendit.
338 4179 380 4249 In
398 4201 468 4271 qua
485 4202 522 4249 re
543 4179 570 4249 si
595 4178 646 4249 illi
664 4202 814 4272 quorum
840 4179 990 4251 interest
1016 4179 1111 4250 ultra
1133 4201 1192 4251 sex

275 4315 282 4353 ¹
296 4330 447 4396 cogantur.
647 4312 659 4351 ²
673 4320 711 4376 in.
903 4317 918 4362 3
932 4319 1006 4376 aliud
1022 4337 1074 4376 om.
