2692 4800
535 300 812 367 APPENDIX.
1130 304 1191 366 331

147 463 230 522 titulo
250 464 295 520 De
310 464 412 520 divinis
432 464 539 529 officiis,
555 467 600 523 vel
619 469 661 524 De
680 467 806 524 ecclesiis
825 465 1043 524 cathedralibus.
1084 467 1126 523 As
1145 467 1194 522 the

147 563 265 637 chapter
278 563 302 618 is
316 571 367 619 not
381 572 411 619 to
424 562 460 619 be
474 562 563 619 found
577 563 667 620 under
681 563 772 621 either
785 563 858 631 title,
873 563 934 621 itis
949 563 1042 622 added
1055 563 1133 621 here.

190 660 279 717 Valde
300 660 381 716 nobis
403 661 553 718 convenire
576 661 688 718 ridetur
706 661 742 718 ad
762 679 861 719 omnes
880 679 975 718 sacros
989 670 1089 727 coetus,
1104 679 1193 737 quan·

147 768 208 816 tum
230 758 291 815 fieri
310 767 461 832 potestat
480 759 579 815 concio
598 759 690 833 possit
709 759 816 816 haberi.
860 759 960 834 ltaque
977 759 1145 817 mandamus
1162 770 1194 816 ut

147 855 176 911 in
196 856 327 913 omnibus
348 856 474 913 ecclesiis
492 856 701 914 cathedralibus
721 858 841 932 singulis
862 857 961 914 diebus
981 857 1130 914 dominicis
1148 857 1194 915 vel

147 953 295 1028 episcopus
309 954 369 1028 ipse
383 954 428 1011 rel
443 954 566 1011 decanus
580 954 626 1011 vel
639 953 739 1029 aliquis
753 973 788 1011 ex
802 973 922 1012 numero
935 953 1194 1030 praebendariomm

147 1051 312 1107 concionem
331 1051 464 1109 habeant.
509 1053 610 1109 ltidem
631 1052 661 1108 in
682 1051 802 1127 singulis
816 1051 915 1109 diebus
929 1051 1009 1109 festis
1028 1060 1077 1109 aut
1094 1052 1194 1127 aliquis

147 1147 258 1205 illorum
276 1150 312 1205 ad
326 1150 460 1224 populum
475 1149 666 1217 condonetur,
682 1158 731 1206 aut
744 1148 860 1206 homilia
874 1149 973 1206 saltem
989 1150 1130 1207 recitetur.

186 1246 267 1302 Then
283 1246 393 1303 follows
411 1247 532 1303 another
544 1247 661 1321 chapter
675 1247 745 1303 with
758 1246 807 1303 the
821 1246 883 1304 title
898 1247 932 1303 ln
947 1246 1109 1303 Academiis
1123 1247 1193 1304 ordo

148 1341 210 1416 quis
225 1343 271 1405 sit.
286 1344 341 1400 and
356 1362 373 1400 a
387 1343 524 1418 marginal
539 1352 607 1400 note
621 1344 658 1419 by
673 1341 734 1408 Cr„
751 1343 875 1400 Ponatur
889 1342 918 1398 in
933 1342 1016 1399 titulo
1031 1341 1073 1399 De
1083 1343 1192 1400 Acade·

147 1439 219 1496 miis.
262 1443 303 1496 As
317 1441 339 1497 it
353 1441 422 1498 does
436 1449 487 1498 not
501 1459 605 1517 appear
619 1441 647 1496 in
662 1441 725 1498 that
739 1440 857 1505 sestias,
871 1440 895 1497 it
908 1440 932 1495 is
946 1439 1037 1497 added
1052 1440 1127 1496 here.

187 1537 222 1594 In
240 1538 401 1595 Academiis
420 1539 520 1594 concio
539 1538 576 1595 sit
596 1537 715 1612 singulis
735 1537 884 1593 dominicis
902 1546 931 1593 et
950 1536 1030 1593 lestis
1047 1536 1145 1593 diebus
1163 1537 1192 1593 in

146 1633 253 1708 templo
267 1635 343 1709 qnod
361 1644 464 1692 vocant
479 1634 687 1698 Universitatis‚
703 1635 757 1690 nisi
771 1653 827 1708 quo
842 1634 887 1690 die
906 1633 1035 1708 legitima
1050 1633 1150 1690 concio
1164 1643 1194 1690 et

146 1731 270 1788 solennis
290 1732 319 1788 in
337 1733 431 1808 aliquo
445 1732 575 1807 Collegio
595 1731 746 1806 separatim
760 1730 926 1806 explicatur.
970 1729 1008 1786 Et
1022 1739 1194 1805 peragentur

146 1825 190 1881 hoe
205 1826 356 1882 conciones
372 1826 475 1901 partim
491 1826 684 1901 aTheclogioe
698 1826 896 1892 baccalaureis,
911 1826 1014 1900 partim
1030 1826 1193 1883 doctoribus

146 1923 282 1997 ejusdem,
304 1924 406 1997 partim
428 1944 445 1980 a
466 1923 660 2000 Collegiorum
685 1924 834 1998 praefectis,
856 1924 904 1998 qui
929 1923 1042 1998 quidem
1067 1924 1193 1999 praefecti

147 2020 200 2077 rite
217 2019 322 2077 fuerint
339 2021 372 2078 ad
394 2021 618 2078 concionandum
634 2021 772 2079 advocati.
814 2022 956 2091 Quoniam
977 2029 1071 2079 autem
1086 2021 1193 2081 Oxonii

147 2118 317 2175 cathedralia
339 2126 383 2175 est
402 2119 529 2183 ecclesia,
545 2118 648 2192 singuli
670 2118 698 2175 in
720 2137 754 2175 ea
774 2119 904 2176 collocati
924 2119 1051 2176 canonici
1073 2131 1193 2194 quatuor

146 2215 221 2272 intra
239 2224 352 2289 tempus
373 2215 456 2271 unius
474 2216 540 2271 anni
559 2215 710 2272 conciones
728 2216 764 2273 ad
778 2215 911 2290 populum
933 2216 1086 2273 habebant.
1128 2218 1193 2275 Nec

146 2313 175 2367 in
190 2312 351 2369 Academiis
369 2312 443 2369 hanc
461 2313 622 2370 libertatem
642 2313 742 2370 damus
755 2314 945 2372 baccalaureis
958 2314 1132 2390 Theologiae,
1147 2316 1192 2372 rel

146 2410 310 2466 doctoribus
330 2410 467 2485 ejusdem,
482 2411 625 2466 canonicis
643 2420 692 2468 aut
708 2411 848 2488 praelectis
862 2409 1066 2488 collegiorum,
1081 2420 1114 2470 ut
1127 2431 1193 2470 cum

145 2507 257 2564 illoram
280 2517 363 2564 erunt
383 2508 569 2565 concionandi
586 2517 714 2583 tempora
727 2509 848 2566 vicarios
866 2510 1048 2574 substituant,
1063 2510 1110 2585 qui
1130 2530 1191 2567 mu-

145 2603 260 2660 neribus
274 2604 330 2660 illis
344 2605 527 2671 satisfaciant,
536 2604 591 2661 nisi
605 2606 721 2662 morbus
735 2605 798 2662 illos
812 2606 993 2684 oppresserit,
1006 2606 1051 2662 rel
1065 2607 1193 2664 absentia

146 2700 294 2757 manifeste
308 2702 466 2759 necessaria
481 2712 594 2759 serocet
608 2712 637 2758 et
652 2703 835 2759 revocaverit.

185 2798 266 2855 Then
284 2799 394 2856 follows
412 2818 429 2856 a
448 2800 565 2874 chapter
579 2800 698 2873 bearing
716 2799 773 2855 this
792 2799 862 2863 title,
880 2800 913 2855 ln
933 2799 1042 2873 oppidis
1062 2807 1091 2855 et
1111 2800 1193 2874 pagis

146 2896 208 2971 quis
229 2896 266 2953 sit
286 2897 366 2961 ordo,
382 2896 451 2953 with
468 2916 485 2954 a
502 2905 569 2954 note
585 2895 622 2971 by
642 2898 699 2961 Cr„
723 2896 851 2954 Ponatur
871 2897 900 2953 iu
921 2896 1004 2953 titulo
1023 2897 1070 2954 De
1091 2895 1193 2955 divinis

146 2994 252 3051 officiis.
296 2994 340 3051 As
354 2995 376 3052 it
390 2996 459 3053 does
473 3004 525 3052 not
538 3014 641 3070 appear
655 2995 745 3060 there,
759 2996 782 3052 it
796 2995 820 3052 is
834 2995 926 3053 added
940 2995 1017 3052 here.

187 3092 241 3147 Per
261 3092 364 3166 oppida
383 3111 494 3167 quoque
514 3103 543 3149 et
562 3112 653 3168 pagos
671 3092 823 3150 conciones
844 3099 1017 3167 peragantur
1037 3100 1067 3150 et
1087 3091 1116 3149 in
1138 3092 1192 3150 illis

145 3198 332 3263 usurpentur;
356 3198 405 3245 aut
424 3190 479 3248 illis
498 3189 640 3248 interdum
655 3191 851 3248 deficientibus
869 3191 945 3248 clara
959 3188 997 3247 sit
1010 3186 1193 3246 homiliarum

145 3293 175 3341 et
189 3285 322 3343 distincta
340 3287 434 3352 lectio,
450 3307 544 3362 quam,
560 3287 584 3342 si
600 3296 713 3362 tempus
735 3287 872 3345 concione
892 3304 951 3342 nou
969 3284 1054 3344 fuerit
1073 3304 1193 3360 occupa·

144 3391 216 3448 tum,
231 3383 260 3438 in
282 3384 412 3441 omnibus
427 3385 508 3461 regni
522 3385 613 3442 nostri
627 3384 753 3442 ecclesiis
771 3385 892 3460 singulis
906 3383 1056 3442 dominicis
1070 3391 1100 3441 et
1112 3383 1194 3441 festis

145 3479 244 3537 diebus
265 3481 325 3538 sine
346 3482 404 3538 ulla
424 3482 593 3558 exceptione
614 3482 707 3538 locum
729 3481 833 3538 habere
853 3481 1004 3538 volumus:
1032 3480 1087 3537 hoc
1107 3479 1193 3536 etiam

145 3577 309 3653 adjicientes
324 3579 443 3654 amplius
458 3588 490 3636 ut
504 3579 625 3655 singulis
642 3579 724 3636 annis
737 3579 767 3635 in
782 3578 952 3654 quibuslibet
965 3577 1114 3654 parochiis,
1129 3595 1193 3634 cum

146 3675 292 3732 minimum
307 3677 370 3744 erit,
386 3684 507 3751 quatuor
521 3676 672 3733 conciones
686 3684 866 3752 peragantur.

189 3773 238 3848 38,
257 3792 302 3832 20.
326 3774 545 3832 honoratissimo
559 3775 606 3831 Cr.
622 3774 733 3830 instead
747 3773 779 3832 ol
791 3773 971 3831 amatissimo

186 3890 236 3944 40,
253 3884 281 3945 5.
304 3869 487 3945 praelusiones
516 3869 582 3928 MS.
599 3869 776 3945 prolusiones

187 3985 237 4037 41,
255 3982 282 4043 7.
304 3967 476 4024 damnentur
502 3966 571 4025 MS.
588 3967 738 4024 demantur

186 4097 227 4107 —
244 4083 290 4122 ιι.
313 4065 418 4122 ducant
431 4076 481 4123 aut
495 4065 603 4122 nubant
618 4064 666 4121 Cr.
682 4064 793 4120 instead
807 4063 840 4121 ol
851 4071 965 4121 sumant

186 4194 226 4204 —
243 4180 290 4220 rr.
313 4162 431 4220 iecerint
446 4162 495 4220 Cr.
511 4162 622 4220 instead
636 4161 669 4219 ol
680 4161 852 4236 sumpserint

185 4293 225 4305 -
244 4276 287 4336 15.
304 4261 384 4318 Alter
397 4262 558 4335 nuptiarum
584 4260 650 4317 MS.
667 4260 719 4317 has
733 4259 862 4316 honestis
