<?xml version="1.0" encoding="UTF-8"?>
<!DOCTYPE html PUBLIC "-//W3C//DTD XHTML 1.0 Transitional//EN"
    "http://www.w3.org/TR/xhtml1/DTD/xhtml1-transitional.dtd">
<html xmlns="http://www.w3.org/1999/xhtml" xml:lang="en" lang="en">
 <head>
  <title>
</title>
<meta http-equiv="Content-Type" content="text/html;charset=utf-8" />
  <meta name='ocr-system' content='tesseract 3.04.00' />
  <meta name='ocr-capabilities' content='ocr_page ocr_carea ocr_par ocr_line ocrx_word'/>
</head>
<body>
  <div class='ocr_page' id='page_1' title='image "./reformationeccl01cardgoog_0213.png"; bbox 0 0 2692 4800; ppageno 0'>
   <div class='ocr_carea' id='block_1_1' title="bbox 168 259 1241 330">
    <p class='ocr_par' dir='ltr' id='par_1_1' title="bbox 168 259 1241 330">
     <span class='ocr_line' id='line_1_1' title="bbox 168 259 1241 330; baseline -0.001 -3"><span class='ocrx_word' id='word_1_1' title='bbox 168 259 239 330; x_wconf 74' lang='lat'>146</span> <span class='ocrx_word' id='word_1_2' title='bbox 530 277 579 326; x_wconf 85' lang='lat' dir='ltr'>ne</span> <span class='ocrx_word' id='word_1_3' title='bbox 603 276 857 327; x_wconf 76' lang='lat' dir='ltr'>rssrsuenns.</span> <span class='ocrx_word' id='word_1_4' title='bbox 1211 278 1241 328; x_wconf 92' lang='lat' dir='ltr'>c.</span> 
     </span>
    </p>
   </div>
   <div class='ocr_carea' id='block_1_2' title="bbox 165 428 1214 1197">
    <p class='ocr_par' dir='ltr' id='par_1_2' title="bbox 165 428 1214 1197">
     <span class='ocr_line' id='line_1_2' title="bbox 166 428 1213 522; baseline 0 -22"><span class='ocrx_word' id='word_1_5' title='bbox 166 451 392 522; x_wconf 89' lang='lat' dir='ltr'>personarum</span> <span class='ocrx_word' id='word_1_6' title='bbox 418 428 480 498; x_wconf 93' lang='lat' dir='ltr'>illa</span> <span class='ocrx_word' id='word_1_7' title='bbox 504 451 672 500; x_wconf 90' lang='lat' dir='ltr'>crumena</span> <span class='ocrx_word' id='word_1_8' title='bbox 697 429 753 499; x_wconf 86' lang='lat' dir='ltr'>vel</span> <span class='ocrx_word' id='word_1_9' title='bbox 782 428 902 501; x_wconf 87' lang='lat' dir='ltr'>arcula</span> <span class='ocrx_word' id='word_1_10' title='bbox 924 428 1148 513; x_wconf 81' lang='lat' dir='ltr'>obfirmatur,</span> <span class='ocrx_word' id='word_1_11' title='bbox 1171 442 1213 501; x_wconf 85' lang='lat' dir='ltr'>ut</span> 
     </span>
     <span class='ocr_line' id='line_1_3' title="bbox 167 543 1213 638; baseline 0 -22"><span class='ocrx_word' id='word_1_12' title='bbox 167 548 219 617; x_wconf 88' lang='lat' dir='ltr'>ita</span> <span class='ocrx_word' id='word_1_13' title='bbox 240 547 380 638; x_wconf 89' lang='lat' dir='ltr'>siguum</span> <span class='ocrx_word' id='word_1_14' title='bbox 397 546 577 615; x_wconf 89' lang='lat' dir='ltr'>testatoris</span> <span class='ocrx_word' id='word_1_15' title='bbox 596 543 732 615; x_wconf 83' lang='lat' dir='ltr'>salvum</span> <span class='ocrx_word' id='word_1_16' title='bbox 755 546 799 616; x_wconf 91' lang='lat' dir='ltr'>ad</span> <span class='ocrx_word' id='word_1_17' title='bbox 816 544 975 637; x_wconf 88' lang='lat' dir='ltr'>judicem</span> <span class='ocrx_word' id='word_1_18' title='bbox 993 545 1112 637; x_wconf 89' lang='lat' dir='ltr'>primo</span> <span class='ocrx_word' id='word_1_19' title='bbox 1127 568 1213 638; x_wconf 88' lang='lat' dir='ltr'>quo-</span> 
     </span>
     <span class='ocr_line' id='line_1_4' title="bbox 166 657 1212 754; baseline 0 -23"><span class='ocrx_word' id='word_1_20' title='bbox 166 684 272 754; x_wconf 85' lang='lat' dir='ltr'>quam</span> <span class='ocrx_word' id='word_1_21' title='bbox 290 670 451 754; x_wconf 87' lang='lat' dir='ltr'>tempore</span> <span class='ocrx_word' id='word_1_22' title='bbox 468 659 672 729; x_wconf 82' lang='lat' dir='ltr'><strong>deducatur.</strong></span> <span class='ocrx_word' id='word_1_23' title='bbox 722 659 842 744; x_wconf 90' lang='lat' dir='ltr'>Quum</span> <span class='ocrx_word' id='word_1_24' title='bbox 861 657 960 731; x_wconf 85' lang='lat' dir='ltr'>vero¹</span> <span class='ocrx_word' id='word_1_25' title='bbox 978 659 1142 732; x_wconf 72' lang='lat' dir='ltr'>haemdes</span> <span class='ocrx_word' id='word_1_26' title='bbox 1158 661 1212 734; x_wconf 85' lang='lat' dir='ltr'>vel</span> 
     </span>
     <span class='ocr_line' id='line_1_5' title="bbox 165 776 1214 870; baseline 0 -22"><span class='ocrx_word' id='word_1_27' title='bbox 165 787 374 848; x_wconf 80' lang='lat' dir='ltr'>executores</span> <span class='ocrx_word' id='word_1_28' title='bbox 408 778 547 870; x_wconf 89' lang='lat' dir='ltr'>signum</span> <span class='ocrx_word' id='word_1_29' title='bbox 582 776 627 847; x_wconf 89' lang='lat' dir='ltr'>ad</span> <span class='ocrx_word' id='word_1_30' title='bbox 655 776 815 867; x_wconf 88' lang='lat' dir='ltr'>judicem</span> <span class='ocrx_word' id='word_1_31' title='bbox 848 777 1125 870; x_wconf 82' lang='lat' dir='ltr'>deportaverint,</span> <span class='ocrx_word' id='word_1_32' title='bbox 1154 776 1214 848; x_wconf 88' lang='lat' dir='ltr'>ille</span> 
     </span>
     <span class='ocr_line' id='line_1_6' title="bbox 166 891 1213 986; baseline 0.001 -22"><span class='ocrx_word' id='word_1_33' title='bbox 166 893 287 964; x_wconf 87' lang='lat' dir='ltr'>statim</span> <span class='ocrx_word' id='word_1_34' title='bbox 301 893 492 986; x_wconf 83' lang='lat' dir='ltr'>imaginem</span> <span class='ocrx_word' id='word_1_35' title='bbox 505 900 544 962; x_wconf 92' lang='lat' dir='ltr'>et</span> <span class='ocrx_word' id='word_1_36' title='bbox 556 891 705 961; x_wconf 86' lang='lat' dir='ltr'>formam</span> <span class='ocrx_word' id='word_1_37' title='bbox 722 892 813 985; x_wconf 90' lang='lat' dir='ltr'>signi</span> <span class='ocrx_word' id='word_1_38' title='bbox 830 901 1011 985; x_wconf 86' lang='lat' dir='ltr'>pervertat</span> <span class='ocrx_word' id='word_1_39' title='bbox 1028 900 1067 964; x_wconf 88' lang='lat' dir='ltr'>et</span> <span class='ocrx_word' id='word_1_40' title='bbox 1084 891 1213 977; x_wconf 86' lang='lat' dir='ltr'>deleat,</span> 
     </span>
     <span class='ocr_line' id='line_1_7' title="bbox 167 1005 1214 1090; baseline 0.002 -11"><span class='ocrx_word' id='word_1_41' title='bbox 167 1011 351 1079; x_wconf 83' lang='lat' dir='ltr'>materiam</span> <span class='ocrx_word' id='word_1_42' title='bbox 386 1031 469 1078; x_wconf 85' lang='lat' dir='ltr'>vero</span> <span class='ocrx_word' id='word_1_43' title='bbox 504 1005 574 1078; x_wconf 92' lang='lat' dir='ltr'>illis</span> <span class='ocrx_word' id='word_1_44' title='bbox 608 1009 782 1090; x_wconf 86' lang='lat' dir='ltr'>restituat,</span> <span class='ocrx_word' id='word_1_45' title='bbox 811 1031 878 1080; x_wconf 88' lang='lat' dir='ltr'>nec</span> <span class='ocrx_word' id='word_1_46' title='bbox 906 1006 982 1078; x_wconf 94' lang='lat' dir='ltr'>ullo</span> <span class='ocrx_word' id='word_1_47' title='bbox 1009 1009 1119 1080; x_wconf 89' lang='lat' dir='ltr'>modo</span> <span class='ocrx_word' id='word_1_48' title='bbox 1148 1010 1214 1081; x_wconf 88' lang='lat' dir='ltr'>sibi</span> 
     </span>
     <span class='ocr_line' id='line_1_8' title="bbox 167 1135 331 1197; baseline -0.024 0"><span class='ocrx_word' id='word_1_49' title='bbox 167 1135 331 1197; x_wconf 78' lang='lat' dir='ltr'>reservet.</span> 
     </span>
    </p>
   </div>
   <div class='ocr_carea' id='block_1_3' title="bbox 316 1292 1063 1382">
    <p class='ocr_par' dir='ltr' id='par_1_3' title="bbox 316 1292 1063 1382">
     <span class='ocr_line' id='line_1_9' title="bbox 316 1292 1063 1382; baseline -0.005 -20"><span class='ocrx_word' id='word_1_50' title='bbox 316 1296 395 1382; x_wconf 70' lang='lat' dir='ltr'>cap.</span> <span class='ocrx_word' id='word_1_51' title='bbox 408 1315 458 1360; x_wconf 81' lang='lat'>20.</span> <span class='ocrx_word' id='word_1_52' title='bbox 481 1296 531 1360; x_wconf 80' lang='lat' dir='ltr'>m</span> <span class='ocrx_word' id='word_1_53' title='bbox 545 1293 685 1360; x_wconf 64' lang='lat' dir='ltr'>mmm</span> <span class='ocrx_word' id='word_1_54' title='bbox 698 1292 850 1359; x_wconf 63' lang='lat' dir='ltr'>casea</span> <span class='ocrx_word' id='word_1_55' title='bbox 863 1293 1063 1380; x_wconf 62' lang='lat' dir='ltr'>masam.</span> 
     </span>
    </p>
   </div>
   <div class='ocr_carea' id='block_1_4' title="bbox 157 1424 1214 4193">
    <p class='ocr_par' dir='ltr' id='par_1_4' title="bbox 157 1424 1214 4193">
     <span class='ocr_line' id='line_1_10' title="bbox 216 1424 1213 1498; baseline 0 -2"><span class='ocrx_word' id='word_1_56' title='bbox 216 1424 386 1498; x_wconf 86' lang='lat' dir='ltr'>Haeredes</span> <span class='ocrx_word' id='word_1_57' title='bbox 412 1426 469 1498; x_wconf 86' lang='lat' dir='ltr'>vel</span> <span class='ocrx_word' id='word_1_58' title='bbox 497 1426 797 1498; x_wconf 85' lang='lat' dir='ltr'>administratores</span> <span class='ocrx_word' id='word_1_59' title='bbox 823 1425 912 1497; x_wconf 90' lang='lat' dir='ltr'>duos</span> <span class='ocrx_word' id='word_1_60' title='bbox 937 1425 1142 1498; x_wconf 81' lang='lat' dir='ltr'>evocabant</span> <span class='ocrx_word' id='word_1_61' title='bbox 1169 1426 1213 1497; x_wconf 90' lang='lat' dir='ltr'>ad</span> 
     </span>
     <span class='ocr_line' id='line_1_11' title="bbox 166 1540 1214 1636; baseline 0 -23"><span class='ocrx_word' id='word_1_62' title='bbox 166 1565 215 1626; x_wconf 90' lang='lat' dir='ltr'>se,</span> <span class='ocrx_word' id='word_1_63' title='bbox 241 1546 301 1635; x_wconf 92' lang='lat' dir='ltr'>qui</span> <span class='ocrx_word' id='word_1_64' title='bbox 329 1542 385 1613; x_wconf 84' lang='lat' dir='ltr'>vel</span> <span class='ocrx_word' id='word_1_65' title='bbox 411 1543 545 1636; x_wconf 90' lang='lat' dir='ltr'>aliquid</span> <span class='ocrx_word' id='word_1_66' title='bbox 568 1541 730 1616; x_wconf 86' lang='lat' dir='ltr'>testatori</span> <span class='ocrx_word' id='word_1_67' title='bbox 752 1541 940 1624; x_wconf 85' lang='lat' dir='ltr'>debebant,</span> <span class='ocrx_word' id='word_1_68' title='bbox 967 1540 1025 1613; x_wconf 85' lang='lat' dir='ltr'>vel</span> <span class='ocrx_word' id='word_1_69' title='bbox 1051 1540 1214 1614; x_wconf 87' lang='lat' dir='ltr'>nonnihil</span> 
     </span>
     <span class='ocr_line' id='line_1_12' title="bbox 165 1656 1214 1753; baseline -0.001 -24"><span class='ocrx_word' id='word_1_70' title='bbox 165 1682 211 1729; x_wconf 84' lang='lat' dir='ltr'>ex</span> <span class='ocrx_word' id='word_1_71' title='bbox 242 1661 318 1753; x_wconf 88' lang='lat' dir='ltr'>ejus</span> <span class='ocrx_word' id='word_1_72' title='bbox 348 1668 562 1731; x_wconf 89' lang='lat' dir='ltr'>testamento</span> <span class='ocrx_word' id='word_1_73' title='bbox 593 1658 799 1752; x_wconf 85' lang='lat' dir='ltr'>percipient,</span> <span class='ocrx_word' id='word_1_74' title='bbox 825 1666 888 1728; x_wconf 89' lang='lat' dir='ltr'>aut</span> <span class='ocrx_word' id='word_1_75' title='bbox 912 1656 950 1727; x_wconf 93' lang='lat' dir='ltr'>hi</span> <span class='ocrx_word' id='word_1_76' title='bbox 979 1657 1009 1728; x_wconf 89' lang='lat' dir='ltr'>si</span> <span class='ocrx_word' id='word_1_77' title='bbox 1035 1657 1095 1729; x_wconf 86' lang='lat' dir='ltr'>vel</span> <span class='ocrx_word' id='word_1_78' title='bbox 1124 1656 1214 1729; x_wconf 83' lang='lat' dir='ltr'>non²</span> 
     </span>
     <span class='ocr_line' id='line_1_13' title="bbox 165 1773 1212 1870; baseline 0.001 -24"><span class='ocrx_word' id='word_1_79' title='bbox 165 1776 331 1847; x_wconf 82' lang='lat' dir='ltr'>affuerint</span> <span class='ocrx_word' id='word_1_80' title='bbox 353 1776 614 1870; x_wconf 88' lang='lat' dir='ltr'>negaverintve,</span> <span class='ocrx_word' id='word_1_81' title='bbox 637 1775 726 1845; x_wconf 90' lang='lat' dir='ltr'>duos</span> <span class='ocrx_word' id='word_1_82' title='bbox 750 1773 1022 1845; x_wconf 83' lang='lat' dir='ltr'>existimationis</span> <span class='ocrx_word' id='word_1_83' title='bbox 1045 1773 1212 1856; x_wconf 68' lang='lat' dir='ltr'>honeste,</span> 
     </span>
     <span class='ocr_line' id='line_1_14' title="bbox 166 1887 1213 1984; baseline 0.003 -24"><span class='ocrx_word' id='word_1_84' title='bbox 166 1892 225 1984; x_wconf 92' lang='lat' dir='ltr'>qui</span> <span class='ocrx_word' id='word_1_85' title='bbox 261 1893 430 1963; x_wconf 88' lang='lat' dir='ltr'>defuncto</span> <span class='ocrx_word' id='word_1_86' title='bbox 472 1890 657 1961; x_wconf 87' lang='lat' dir='ltr'>necessarii</span> <span class='ocrx_word' id='word_1_87' title='bbox 691 1890 833 1970; x_wconf 86' lang='lat' dir='ltr'>fuerint,</span> <span class='ocrx_word' id='word_1_88' title='bbox 863 1887 931 1972; x_wconf 87' lang='lat' dir='ltr'>vel,</span> <span class='ocrx_word' id='word_1_89' title='bbox 966 1889 1135 1962; x_wconf 89' lang='lat' dir='ltr'>omuibus</span> <span class='ocrx_word' id='word_1_90' title='bbox 1171 1890 1213 1962; x_wconf 88' lang='lat' dir='ltr'>iis</span> 
     </span>
     <span class='ocr_line' id='line_1_15' title="bbox 164 2005 1214 2101; baseline -0.001 -22"><span class='ocrx_word' id='word_1_91' title='bbox 164 2008 380 2092; x_wconf 86' lang='lat' dir='ltr'>absentibus,</span> <span class='ocrx_word' id='word_1_92' title='bbox 398 2009 487 2079; x_wconf 90' lang='lat' dir='ltr'>duos</span> <span class='ocrx_word' id='word_1_93' title='bbox 510 2007 750 2100; x_wconf 87' lang='lat' dir='ltr'>cujuscunque</span> <span class='ocrx_word' id='word_1_94' title='bbox 766 2005 988 2088; x_wconf 88' lang='lat' dir='ltr'>conditionis,</span> <span class='ocrx_word' id='word_1_95' title='bbox 1005 2006 1116 2078; x_wconf 90' lang='lat' dir='ltr'>modo</span> <span class='ocrx_word' id='word_1_96' title='bbox 1135 2030 1214 2101; x_wconf 86' lang='lat' dir='ltr'>pro-</span> 
     </span>
     <span class='ocr_line' id='line_1_16' title="bbox 165 2121 1213 2218; baseline -0.003 -23"><span class='ocrx_word' id='word_1_97' title='bbox 165 2125 228 2195; x_wconf 90' lang='lat' dir='ltr'>bos</span> <span class='ocrx_word' id='word_1_98' title='bbox 245 2136 283 2195; x_wconf 88' lang='lat' dir='ltr'>et</span> <span class='ocrx_word' id='word_1_99' title='bbox 299 2127 476 2218; x_wconf 84' lang='lat' dir='ltr'>integros3</span> <span class='ocrx_word' id='word_1_100' title='bbox 502 2132 541 2194; x_wconf 91' lang='lat' dir='ltr'>et</span> <span class='ocrx_word' id='word_1_101' title='bbox 565 2124 589 2193; x_wconf 91' lang='lat' dir='ltr'>ii</span> <span class='ocrx_word' id='word_1_102' title='bbox 607 2123 761 2193; x_wconf 90' lang='lat' dir='ltr'>rationes</span> <span class='ocrx_word' id='word_1_103' title='bbox 783 2121 941 2192; x_wconf 90' lang='lat' dir='ltr'>omnium</span> <span class='ocrx_word' id='word_1_104' title='bbox 962 2143 1083 2192; x_wconf 88' lang='lat' dir='ltr'>rerum</span> <span class='ocrx_word' id='word_1_105' title='bbox 1107 2123 1213 2217; x_wconf 88' lang='lat' dir='ltr'>scrip·</span> 
     </span>
     <span class='ocr_line' id='line_1_17' title="bbox 165 2237 1212 2332; baseline -0.003 -20"><span class='ocrx_word' id='word_1_106' title='bbox 165 2242 211 2312; x_wconf 89' lang='lat' dir='ltr'>tis</span> <span class='ocrx_word' id='word_1_107' title='bbox 239 2241 454 2311; x_wconf 87' lang='lat' dir='ltr'>mandandas</span> <span class='ocrx_word' id='word_1_108' title='bbox 481 2247 607 2310; x_wconf 90' lang='lat' dir='ltr'>curent</span> <span class='ocrx_word' id='word_1_109' title='bbox 639 2238 745 2332; x_wconf 88' lang='lat' dir='ltr'>plene</span> <span class='ocrx_word' id='word_1_110' title='bbox 775 2247 813 2308; x_wconf 90' lang='lat' dir='ltr'>et</span> <span class='ocrx_word' id='word_1_111' title='bbox 845 2237 1023 2330; x_wconf 85' lang='lat' dir='ltr'>perfecte:</span> <span class='ocrx_word' id='word_1_112' title='bbox 1061 2260 1212 2331; x_wconf 88' lang='lat' dir='ltr'>quorum</span> 
     </span>
     <span class='ocr_line' id='line_1_18' title="bbox 165 2354 1211 2450; baseline -0.002 -24"><span class='ocrx_word' id='word_1_113' title='bbox 165 2359 385 2450; x_wconf 88' lang='lat' dir='ltr'>scriptorum,</span> <span class='ocrx_word' id='word_1_114' title='bbox 403 2355 459 2426; x_wconf 84' lang='lat' dir='ltr'>rel</span> <span class='ocrx_word' id='word_1_115' title='bbox 486 2365 527 2425; x_wconf 88' lang='lat' dir='ltr'>ut</span> <span class='ocrx_word' id='word_1_116' title='bbox 552 2354 659 2448; x_wconf 90' lang='lat' dir='ltr'>vulgo</span> <span class='ocrx_word' id='word_1_117' title='bbox 684 2355 809 2425; x_wconf 91' lang='lat' dir='ltr'>dicunt</span> <span class='ocrx_word' id='word_1_118' title='bbox 835 2354 1126 2438; x_wconf 85' lang='lat' dir='ltr'>inventariorum,</span> <span class='ocrx_word' id='word_1_119' title='bbox 1146 2354 1211 2428; x_wconf 89' lang='lat' dir='ltr'>sibi</span> 
     </span>
     <span class='ocr_line' id='line_1_19' title="bbox 165 2470 1214 2564; baseline -0.001 -21"><span class='ocrx_word' id='word_1_120' title='bbox 165 2481 343 2544; x_wconf 89' lang='lat' dir='ltr'>reservent</span> <span class='ocrx_word' id='word_1_121' title='bbox 359 2495 470 2542; x_wconf 90' lang='lat' dir='ltr'>unum</span> <span class='ocrx_word' id='word_1_122' title='bbox 488 2470 680 2564; x_wconf 88' lang='lat' dir='ltr'>exemplar,</span> <span class='ocrx_word' id='word_1_123' title='bbox 698 2470 849 2541; x_wconf 85' lang='lat' dir='ltr'>alterum</span> <span class='ocrx_word' id='word_1_124' title='bbox 861 2470 993 2563; x_wconf 90' lang='lat' dir='ltr'>judicis</span> <span class='ocrx_word' id='word_1_125' title='bbox 1009 2470 1095 2542; x_wconf 88' lang='lat' dir='ltr'>fidei</span> <span class='ocrx_word' id='word_1_126' title='bbox 1118 2494 1214 2543; x_wconf 91' lang='lat' dir='ltr'>com·</span> 
     </span>
     <span class='ocr_line' id='line_1_20' title="bbox 164 2585 1211 2680; baseline 0 -24"><span class='ocrx_word' id='word_1_127' title='bbox 164 2585 336 2671; x_wconf 72' lang='lat' dir='ltr'>mittant-³,</span> <span class='ocrx_word' id='word_1_128' title='bbox 354 2587 413 2679; x_wconf 91' lang='lat' dir='ltr'>qui</span> <span class='ocrx_word' id='word_1_129' title='bbox 432 2609 515 2657; x_wconf 90' lang='lat' dir='ltr'>cum</span> <span class='ocrx_word' id='word_1_130' title='bbox 526 2587 772 2678; x_wconf 87' lang='lat' dir='ltr'>juramentum</span> <span class='ocrx_word' id='word_1_131' title='bbox 790 2586 835 2657; x_wconf 94' lang='lat' dir='ltr'>ab</span> <span class='ocrx_word' id='word_1_132' title='bbox 852 2585 922 2656; x_wconf 92' lang='lat' dir='ltr'>illis</span> <span class='ocrx_word' id='word_1_133' title='bbox 940 2586 985 2656; x_wconf 93' lang='lat' dir='ltr'>de</span> <span class='ocrx_word' id='word_1_134' title='bbox 1001 2587 1211 2680; x_wconf 88' lang='lat' dir='ltr'>scriptorum</span> 
     </span>
     <span class='ocr_line' id='line_1_21' title="bbox 165 2701 1212 2796; baseline 0 -24"><span class='ocrx_word' id='word_1_135' title='bbox 165 2703 234 2772; x_wconf 88' lang='lat' dir='ltr'>fide</span> <span class='ocrx_word' id='word_1_136' title='bbox 251 2715 289 2773; x_wconf 89' lang='lat' dir='ltr'>et</span> <span class='ocrx_word' id='word_1_137' title='bbox 305 2705 507 2774; x_wconf 84' lang='lat' dir='ltr'>sinceritate</span> <span class='ocrx_word' id='word_1_138' title='bbox 520 2704 720 2796; x_wconf 86' lang='lat' dir='ltr'>poposcerit</span> <span class='ocrx_word' id='word_1_139' title='bbox 736 2712 774 2773; x_wconf 90' lang='lat' dir='ltr'>et</span> <span class='ocrx_word' id='word_1_140' title='bbox 791 2702 976 2795; x_wconf 86' lang='lat' dir='ltr'>acceperit,</span> <span class='ocrx_word' id='word_1_141' title='bbox 989 2701 1066 2794; x_wconf 87' lang='lat' dir='ltr'>ipsa</span> <span class='ocrx_word' id='word_1_142' title='bbox 1082 2702 1212 2794; x_wconf 87' lang='lat' dir='ltr'>scripta</span> 
     </span>
     <span class='ocr_line' id='line_1_22' title="bbox 165 2817 1212 2913; baseline 0 -25"><span class='ocrx_word' id='word_1_143' title='bbox 165 2830 327 2913; x_wconf 84' lang='lat' dir='ltr'>prompte</span> <span class='ocrx_word' id='word_1_144' title='bbox 350 2830 476 2903; x_wconf 90' lang='lat' dir='ltr'>sumet,</span> <span class='ocrx_word' id='word_1_145' title='bbox 494 2818 750 2911; x_wconf 89' lang='lat' dir='ltr'>comprobabit,</span> <span class='ocrx_word' id='word_1_146' title='bbox 768 2828 806 2889; x_wconf 92' lang='lat' dir='ltr'>et</span> <span class='ocrx_word' id='word_1_147' title='bbox 823 2819 859 2888; x_wconf 90' lang='lat' dir='ltr'>in</span> <span class='ocrx_word' id='word_1_148' title='bbox 877 2826 958 2888; x_wconf 91' lang='lat' dir='ltr'>tuto</span> <span class='ocrx_word' id='word_1_149' title='bbox 977 2817 1057 2889; x_wconf 90' lang='lat' dir='ltr'>loco</span> <span class='ocrx_word' id='word_1_150' title='bbox 1074 2841 1212 2889; x_wconf 89' lang='lat' dir='ltr'>conser-</span> 
     </span>
     <span class='ocr_line' id='line_1_23' title="bbox 166 2932 1212 3006; baseline -0.002 0"><span class='ocrx_word' id='word_1_151' title='bbox 166 2937 271 3006; x_wconf 88' lang='lat' dir='ltr'>vabit.</span> <span class='ocrx_word' id='word_1_152' title='bbox 325 2936 421 3006; x_wconf 90' lang='lat' dir='ltr'>Nam</span> <span class='ocrx_word' id='word_1_153' title='bbox 448 2945 485 3006; x_wconf 90' lang='lat' dir='ltr'>et</span> <span class='ocrx_word' id='word_1_154' title='bbox 512 2944 805 3006; x_wconf 88' lang='lat' dir='ltr'>testamentorum</span> <span class='ocrx_word' id='word_1_155' title='bbox 828 2943 866 3005; x_wconf 91' lang='lat' dir='ltr'>et</span> <span class='ocrx_word' id='word_1_156' title='bbox 886 2932 1062 3004; x_wconf 85' lang='lat' dir='ltr'>indicnm⁴</span> <span class='ocrx_word' id='word_1_157' title='bbox 1085 2933 1144 3004; x_wconf 84' lang='lat' dir='ltr'>vel</span> <span class='ocrx_word' id='word_1_158' title='bbox 1160 2935 1212 3004; x_wconf 90' lang='lat' dir='ltr'>in·</span> 
     </span>
     <span class='ocr_line' id='line_1_24' title="bbox 164 3050 1211 3145; baseline 0 -23"><span class='ocrx_word' id='word_1_159' title='bbox 164 3054 403 3124; x_wconf 73' lang='lat' dir='ltr'>scutariorum</span> <span class='ocrx_word' id='word_1_160' title='bbox 438 3053 495 3140; x_wconf 90' lang='lat' dir='ltr'>(ut</span> <span class='ocrx_word' id='word_1_161' title='bbox 529 3055 672 3145; x_wconf 82' lang='lat' dir='ltr'>vocant)</span> <span class='ocrx_word' id='word_1_162' title='bbox 708 3050 923 3144; x_wconf 84' lang='lat' dir='ltr'>exemplaria</span> <span class='ocrx_word' id='word_1_163' title='bbox 965 3050 1159 3145; x_wconf 87' lang='lat' dir='ltr'>diligenter</span> <span class='ocrx_word' id='word_1_164' title='bbox 1189 3073 1211 3122; x_wconf 90' lang='lat' dir='ltr'>a</span> 
     </span>
     <span class='ocr_line' id='line_1_25' title="bbox 157 3167 1210 3263; baseline -0.001 -24"><span class='ocrx_word' id='word_1_165' title='bbox 157 3169 281 3263; x_wconf 87' lang='lat' dir='ltr'>judice</span> <span class='ocrx_word' id='word_1_166' title='bbox 299 3169 355 3239; x_wconf 85' lang='lat' dir='ltr'>vel</span> <span class='ocrx_word' id='word_1_167' title='bbox 373 3192 394 3238; x_wconf 91' lang='lat' dir='ltr'>a</span> <span class='ocrx_word' id='word_1_168' title='bbox 404 3169 535 3260; x_wconf 92' lang='lat' dir='ltr'>judicis</span> <span class='ocrx_word' id='word_1_169' title='bbox 552 3168 766 3238; x_wconf 88' lang='lat' dir='ltr'>administris</span> <span class='ocrx_word' id='word_1_170' title='bbox 788 3167 955 3237; x_wconf 87' lang='lat' dir='ltr'>custodiri</span> <span class='ocrx_word' id='word_1_171' title='bbox 981 3167 1210 3261; x_wconf 70' lang='lat' dir='ltr'>precipimus,</span> 
     </span>
     <span class='ocr_line' id='line_1_26' title="bbox 164 3282 1212 3378; baseline -0.001 -23"><span class='ocrx_word' id='word_1_172' title='bbox 164 3295 205 3355; x_wconf 93' lang='lat' dir='ltr'>ut</span> <span class='ocrx_word' id='word_1_173' title='bbox 222 3286 246 3355; x_wconf 94' lang='lat' dir='ltr'>ii</span> <span class='ocrx_word' id='word_1_174' title='bbox 264 3308 412 3378; x_wconf 91' lang='lat' dir='ltr'>quorum</span> <span class='ocrx_word' id='word_1_175' title='bbox 431 3285 602 3366; x_wconf 89' lang='lat' dir='ltr'>intererit,</span> <span class='ocrx_word' id='word_1_176' title='bbox 616 3283 756 3376; x_wconf 88' lang='lat' dir='ltr'>quoties</span> <span class='ocrx_word' id='word_1_177' title='bbox 775 3282 836 3353; x_wconf 94' lang='lat' dir='ltr'>illa</span> <span class='ocrx_word' id='word_1_178' title='bbox 853 3283 1110 3375; x_wconf 83' lang='lat' dir='ltr'>requisiveriut,</span> <span class='ocrx_word' id='word_1_179' title='bbox 1127 3305 1212 3376; x_wconf 73' lang='lat' dir='ltr'>prar-</span> 
     </span>
     <span class='ocr_line' id='line_1_27' title="bbox 165 3399 1212 3493; baseline 0 -22"><span class='ocrx_word' id='word_1_180' title='bbox 165 3411 220 3472; x_wconf 91' lang='lat' dir='ltr'>sto</span> <span class='ocrx_word' id='word_1_181' title='bbox 238 3423 313 3470; x_wconf 88' lang='lat' dir='ltr'>esse</span> <span class='ocrx_word' id='word_1_182' title='bbox 331 3400 475 3493; x_wconf 90' lang='lat' dir='ltr'>possint.</span> <span class='ocrx_word' id='word_1_183' title='bbox 527 3399 648 3484; x_wconf 88' lang='lat' dir='ltr'>Quum</span> <span class='ocrx_word' id='word_1_184' title='bbox 667 3408 786 3470; x_wconf 86' lang='lat' dir='ltr'>autem</span> <span class='ocrx_word' id='word_1_185' title='bbox 807 3399 882 3469; x_wconf 87' lang='lat' dir='ltr'>haec</span> <span class='ocrx_word' id='word_1_186' title='bbox 906 3399 1037 3491; x_wconf 89' lang='lat' dir='ltr'>scripta</span> <span class='ocrx_word' id='word_1_187' title='bbox 1055 3399 1212 3492; x_wconf 88' lang='lat' dir='ltr'>postula·</span> 
     </span>
     <span class='ocr_line' id='line_1_28' title="bbox 165 3515 1211 3611; baseline -0.002 -23"><span class='ocrx_word' id='word_1_188' title='bbox 165 3518 308 3599; x_wconf 88' lang='lat' dir='ltr'>buntur,</span> <span class='ocrx_word' id='word_1_189' title='bbox 335 3520 456 3589; x_wconf 90' lang='lat' dir='ltr'>statim</span> <span class='ocrx_word' id='word_1_190' title='bbox 485 3518 547 3589; x_wconf 95' lang='lat' dir='ltr'>illa</span> <span class='ocrx_word' id='word_1_191' title='bbox 574 3517 690 3611; x_wconf 91' lang='lat' dir='ltr'>placet</span> <span class='ocrx_word' id='word_1_192' title='bbox 717 3526 754 3588; x_wconf 91' lang='lat' dir='ltr'>et</span> <span class='ocrx_word' id='word_1_193' title='bbox 784 3516 947 3588; x_wconf 86' lang='lat' dir='ltr'>alacriter</span> <span class='ocrx_word' id='word_1_194' title='bbox 976 3515 1148 3600; x_wconf 86' lang='lat' dir='ltr'>exhiberi,</span> <span class='ocrx_word' id='word_1_195' title='bbox 1174 3525 1211 3586; x_wconf 88' lang='lat' dir='ltr'>et</span> 
     </span>
     <span class='ocr_line' id='line_1_29' title="bbox 165 3633 1210 3726; baseline -0.003 -21"><span class='ocrx_word' id='word_1_196' title='bbox 165 3659 298 3707; x_wconf 86' lang='lat' dir='ltr'>meroes</span> <span class='ocrx_word' id='word_1_197' title='bbox 324 3638 366 3707; x_wconf 90' lang='lat' dir='ltr'>iis</span> <span class='ocrx_word' id='word_1_198' title='bbox 391 3637 495 3707; x_wconf 88' lang='lat' dir='ltr'>rebus</span> <span class='ocrx_word' id='word_1_199' title='bbox 524 3635 794 3707; x_wconf 88' lang='lat' dir='ltr'>transcribendis</span> <span class='ocrx_word' id='word_1_200' title='bbox 823 3633 885 3704; x_wconf 93' lang='lat' dir='ltr'>illa</span> <span class='ocrx_word' id='word_1_201' title='bbox 910 3635 966 3716; x_wconf 86' lang='lat' dir='ltr'>sit,</span> <span class='ocrx_word' id='word_1_202' title='bbox 992 3654 1098 3726; x_wconf 89' lang='lat' dir='ltr'>quam</span> <span class='ocrx_word' id='word_1_203' title='bbox 1128 3640 1210 3703; x_wconf 90' lang='lat' dir='ltr'>ante</span> 
     </span>
     <span class='ocr_line' id='line_1_30' title="bbox 163 3748 1210 3846; baseline -0.005 -23"><span class='ocrx_word' id='word_1_204' title='bbox 163 3754 367 3846; x_wconf 88' lang='lat' dir='ltr'>posuimus;</span> <span class='ocrx_word' id='word_1_205' title='bbox 401 3762 473 3835; x_wconf 90' lang='lat' dir='ltr'>aut,</span> <span class='ocrx_word' id='word_1_206' title='bbox 500 3754 551 3823; x_wconf 85' lang='lat' dir='ltr'>ita</span> <span class='ocrx_word' id='word_1_207' title='bbox 576 3754 604 3822; x_wconf 91' lang='lat' dir='ltr'>si</span> <span class='ocrx_word' id='word_1_208' title='bbox 631 3752 745 3822; x_wconf 86' lang='lat' dir='ltr'>scriba</span> <span class='ocrx_word' id='word_1_209' title='bbox 770 3751 836 3821; x_wconf 92' lang='lat' dir='ltr'>sibi</span> <span class='ocrx_word' id='word_1_210' title='bbox 861 3750 1013 3823; x_wconf 87' lang='lat' dir='ltr'>voluerit</span> <span class='ocrx_word' id='word_1_211' title='bbox 1039 3748 1210 3831; x_wconf 87' lang='lat' dir='ltr'>satisfieri,</span> 
     </span>
     <span class='ocr_line' id='line_1_31' title="bbox 163 3861 1210 3962; baseline -0.004 -24"><span class='ocrx_word' id='word_1_212' title='bbox 163 3892 350 3939; x_wconf 90' lang='lat' dir='ltr'>numemm</span> <span class='ocrx_word' id='word_1_213' title='bbox 384 3879 555 3962; x_wconf 87' lang='lat' dir='ltr'>sequutus</span> <span class='ocrx_word' id='word_1_214' title='bbox 586 3891 749 3939; x_wconf 87' lang='lat' dir='ltr'>versuum</span> <span class='ocrx_word' id='word_1_215' title='bbox 783 3890 847 3961; x_wconf 90' lang='lat' dir='ltr'>pro</span> <span class='ocrx_word' id='word_1_216' title='bbox 882 3867 1020 3938; x_wconf 90' lang='lat' dir='ltr'>decimo</span> <span class='ocrx_word' id='word_1_217' title='bbox 1052 3861 1210 3959; x_wconf 84' lang='lat' dir='ltr'>quoque⁵</span> 
     </span>
     <span class='ocr_line' id='line_1_32' title="bbox 163 3979 1208 4079; baseline -0.006 -23"><span class='ocrx_word' id='word_1_218' title='bbox 163 3983 319 4079; x_wconf 88' lang='lat' dir='ltr'>singulos</span> <span class='ocrx_word' id='word_1_219' title='bbox 342 3985 504 4055; x_wconf 89' lang='lat' dir='ltr'>denarios</span> <span class='ocrx_word' id='word_1_220' title='bbox 527 3985 692 4076; x_wconf 86' lang='lat' dir='ltr'>excipiat,</span> <span class='ocrx_word' id='word_1_221' title='bbox 710 3991 748 4053; x_wconf 91' lang='lat' dir='ltr'>et</span> <span class='ocrx_word' id='word_1_222' title='bbox 766 3981 827 4053; x_wconf 96' lang='lat' dir='ltr'>illa</span> <span class='ocrx_word' id='word_1_223' title='bbox 843 3982 1001 4054; x_wconf 88' lang='lat' dir='ltr'>versibus</span> <span class='ocrx_word' id='word_1_224' title='bbox 1024 3979 1208 4076; x_wconf 81' lang='lat' dir='ltr'>longitudo</span> 
     </span>
     <span class='ocr_line' id='line_1_33' title="bbox 164 4096 1207 4193; baseline -0.007 -21"><span class='ocrx_word' id='word_1_225' title='bbox 164 4108 313 4181; x_wconf 88' lang='lat' dir='ltr'>constet,</span> <span class='ocrx_word' id='word_1_226' title='bbox 326 4124 431 4193; x_wconf 92' lang='lat' dir='ltr'>quam</span> <span class='ocrx_word' id='word_1_227' title='bbox 444 4108 527 4170; x_wconf 89' lang='lat' dir='ltr'>ante</span> <span class='ocrx_word' id='word_1_228' title='bbox 538 4099 819 4191; x_wconf 77' lang='lat' dir='ltr'>prescripsimus.</span> <span class='ocrx_word' id='word_1_229' title='bbox 847 4097 996 4182; x_wconf 87' lang='lat' dir='ltr'>Quodsi</span> <span class='ocrx_word' id='word_1_230' title='bbox 1013 4096 1068 4167; x_wconf 84' lang='lat' dir='ltr'>vel</span> <span class='ocrx_word' id='word_1_231' title='bbox 1080 4096 1207 4191; x_wconf 90' lang='lat' dir='ltr'>judicis</span> 
     </span>
    </p>
   </div>
   <div class='ocr_carea' id='block_1_5' title="bbox 208 4234 1168 4411">
    <p class='ocr_par' dir='ltr' id='par_1_5' title="bbox 208 4234 1168 4411">
     <span class='ocr_line' id='line_1_34' title="bbox 208 4234 1168 4299; baseline -0.003 -1"><span class='ocrx_word' id='word_1_232' title='bbox 208 4246 215 4285; x_wconf 85' lang='lat'><strong>¹</strong></span> <span class='ocrx_word' id='word_1_233' title='bbox 232 4260 299 4299; x_wconf 85' lang='lat' dir='ltr'>vero</span> <span class='ocrx_word' id='word_1_234' title='bbox 312 4241 366 4299; x_wconf 86' lang='lat' dir='ltr'>vel.</span> <span class='ocrx_word' id='word_1_235' title='bbox 533 4234 546 4273; x_wconf 83' lang='lat'>²</span> <span class='ocrx_word' id='word_1_236' title='bbox 559 4239 602 4296; x_wconf 87' lang='lat' dir='ltr'>vel</span> <span class='ocrx_word' id='word_1_237' title='bbox 618 4238 735 4296; x_wconf 91' lang='lat' dir='ltr'>omniuo</span> <span class='ocrx_word' id='word_1_238' title='bbox 749 4240 795 4296; x_wconf 82' lang='lat' dir='ltr'>aff.</span> <span class='ocrx_word' id='word_1_239' title='bbox 954 4248 967 4285; x_wconf 66' lang='grc' dir='ltr'><strong>ὃ</strong></span> <span class='ocrx_word' id='word_1_240' title='bbox 980 4238 1168 4297; x_wconf 88' lang='lat' dir='ltr'>committent.</span> 
     </span>
     <span class='ocr_line' id='line_1_35' title="bbox 375 4330 998 4411; baseline -0.005 -15"><span class='ocrx_word' id='word_1_241' title='bbox 375 4348 389 4386; x_wconf 88' lang='lat'><strong>⁴</strong></span> <span class='ocrx_word' id='word_1_242' title='bbox 402 4338 546 4396; x_wconf 89' lang='lat' dir='ltr'>iudicium.</span> <span class='ocrx_word' id='word_1_243' title='bbox 820 4330 832 4368; x_wconf 78' lang='lat'><em>⁶</em></span> <span class='ocrx_word' id='word_1_244' title='bbox 847 4355 998 4411; x_wconf 88' lang='lat' dir='ltr'>quoquam.</span> 
     </span>
    </p>
   </div>
   <div class='ocr_carea' id='block_1_6' title="bbox 0 0 1350 4800">
    <p class='ocr_par' dir='ltr' id='par_1_6' title="bbox 0 0 1350 4800">
     <span class='ocr_line' id='line_1_36' title="bbox 0 0 1350 4800; baseline 0 0"><span class='ocrx_word' id='word_1_245' title='bbox 0 0 1350 4800; x_wconf 95' lang='lat' dir='ltr'> </span> 
     </span>
    </p>
   </div>
  </div>
 </body>
</html>
