2692 4800
52 296 106 368 {0-

459 298 509 349 aa
533 298 875 352 sraaummoureus.
1118 288 1188 354 311

146 451 242 544 quod
278 452 443 544 spatium,
473 453 500 523 ei
535 452 715 546 appellans
745 475 805 523 eos
840 454 1014 525 instanter
1047 454 1125 525 loco
1160 464 1198 527 et

146 576 309 659 tempore
337 590 494 662 congruo
528 592 598 640 non
630 570 784 662 petierit,
813 568 1040 662 appellationi
1070 594 1198 642 renun-

146 685 257 755 ciasse
280 683 492 755 censebitur.

298 892 376 978 Gap.
388 893 440 978 38.
470 892 557 963 Qatd
569 893 604 956 in
618 892 758 978 apostolae
772 893 919 958 contineri
933 893 1049 959 dabam.

198 1040 242 1111 In
263 1040 431 1134 apostolis
453 1040 698 1134 appellationis
719 1063 824 1110 cauea
847 1050 1066 1134 exponetur3
1092 1051 1130 1111 et
1152 1065 1198 1112 an

146 1156 299 1229 admissa
320 1160 367 1229 sit
383 1157 584 1251 appellatio,
602 1155 658 1227 vel
682 1180 752 1228 non
774 1157 926 1227 admissa
949 1156 1196 1228 declarabitur.

148 1271 197 1344 Et
224 1296 246 1344 a
270 1298 481 1367 quocunque
511 1275 641 1344 dentur
666 1274 826 1367 apostoli,
853 1273 921 1345 illie
948 1277 1196 1368 apponendum

148 1399 202 1461 est
236 1392 312 1483 ejus
346 1390 513 1485 sigillum,
539 1414 560 1461 a
590 1415 660 1483 quo
695 1392 833 1461 dantur.
891 1390 1054 1483 Cumque
1081 1393 1197 1486 judex

147 1506 324 1600 apostolos
350 1506 498 1590 dederit,
515 1506 706 1600 appellanti
733 1531 874 1600 quoque
900 1509 1093 1580 terminum
1119 1534 1198 1603 pro-

148 1622 339 1714 sequendae
362 1618 609 1714 appellationis
631 1622 836 1692 constituet.
889 1620 1028 1692 Verum
1046 1644 1093 1692 ex
1115 1645 1199 1715 apo·
1253 1612 1257 1619 ¹

148 1736 247 1808 stolis
281 1737 372 1808 datis
407 1738 464 1808 vel
501 1739 642 1832 praelixo
684 1738 835 1808 termino
872 1760 944 1808 non
977 1737 1199 1833 intelligetur

141 1853 257 1945 judex
280 1853 507 1947 appellationi
531 1856 746 1947 interpositae
770 1853 948 1925 detulisse.
1002 1853 1098 1924 Nam
1115 1876 1199 1946 apo-

148 1970 230 2041 stoli
256 1971 359 2041 facile
385 1981 503 2064 potest
528 1972 603 2042 lieri
629 1981 670 2041 ut
696 1973 766 2041 sint
791 1971 1015 2053 refutatorii;
1051 1979 1089 2040 et
1115 1992 1198 2039 con·

148 2087 308 2161 stituitur
335 2089 506 2159 terminus
537 2088 581 2159 ad
611 2088 783 2158 malitiam
814 2088 1027 2182 litigantium
1056 2108 1197 2178 compe·

148 2206 324 2289 scendam,
341 2229 387 2276 ne
403 2206 587 2298 superfluis
604 2207 710 2276 moris
728 2206 809 2276 litcs
826 2204 1025 2275 extrahant.

149 2428 226 2515 Gap.
236 2449 289 2515 39.
312 2428 495 2514 Appelleati
509 2452 568 2494 aaa
583 2429 759 2513 cctsracdi,
775 2430 882 2515 sipost
893 2449 1060 2515 precamen
1074 2426 1199 2513 aliquid

234 2540 323 2618 apct¹
341 2533 387 2596 ad
399 2532 669 2617 tribuualjadioie,
685 2556 737 2598 aec
751 2533 785 2598 ol
799 2534 837 2597 it
848 2532 1022 2617 impeditur,
1038 2531 1113 2617 quia

319 2636 425 2700 intra
441 2637 539 2701 decem
553 2637 618 2701 dies
632 2637 670 2701 ad
685 2660 717 2702 eo
731 2637 904 2723 appellare³
913 2637 1019 2722 possit.

198 2772 351 2857 Quando
374 2774 500 2866 aliquis
523 2783 578 2845 eat
601 2777 637 2845 iu
655 2776 793 2868 judicio
815 2785 990 2871 gravatus,
1009 2774 1093 2845 licet
1117 2785 1197 2867 post

146 2912 335 2983 gravamen
361 2889 404 2960 ad
425 2891 586 2982 judicem
615 2892 758 2973 venerit,
777 2893 836 2984 qui
861 2915 942 2962 eum
964 2892 1134 2984 gravavit,
1158 2902 1197 2961 et

147 3005 280 3098 aliquid
310 3007 355 3077 ad
385 3008 461 3100 ejus
489 3008 643 3078 tribunal
674 3010 796 3103 egerit,
824 3016 967 3101 propter
994 3007 1195 3100 hujusmodi

147 3132 227 3192 acta
252 3144 322 3192 uon
346 3124 492 3214 eripitur
515 3126 547 3193 ei
572 3123 730 3205 facultas,
749 3125 833 3216 quin
860 3122 950 3192 infra
973 3122 1096 3192 decem
1121 3123 1195 3193 dies

146 3239 192 3309 ab
231 3238 366 3309 inflicto
398 3243 601 3332 gravamine
635 3239 812 3334 appellare
847 3240 967 3332 possit,
1003 3240 1195 3330 pracsertim

146 3379 228 3427 cum
258 3378 311 3438 ea,
337 3380 414 3449 quoe
443 3368 524 3450 post
548 3380 737 3451 gravamen
763 3358 849 3451 egit,
875 3380 946 3426 non
972 3366 1108 3448 sponte,
1133 3354 1193 3424 aed

146 3473 179 3540 vi
198 3472 329 3563 judicie
351 3474 496 3544 adactus
520 3474 647 3567 egerit.

181 3723 259 3809 (lap.
269 3745 321 3807 40.
345 3724 515 3811 Appellare
527 3726 555 3789 si
569 3725 647 3811 qaid
659 3746 726 3789 cam
735 3726 948 3811 protestatione
961 3735 1035 3809 apat
1049 3744 1153 3788 aarum

333 3825 439 3909 judice
451 3848 473 3890 a
488 3849 546 3910 qao
561 3825 736 3911 appellavit,
753 3836 830 3891 ποη4
838 3837 1002 3913 propterea

489 3929 598 3993 deerit
610 3928 851 4015 appellationem.

196 4066 347 4151 Quando
368 4066 494 4159 aliquis
511 4067 712 4159 appellavit,
731 4067 814 4139 licet
837 4068 882 4139 ad
895 4068 1104 4160 judicern,.a
1121 4091 1190 4160 quo

145 4181 362 4276 appellatum
385 4192 450 4264 eat,
468 4191 548 4276 post
568 4182 841 4276 appellationem
865 4183 1107 4275 interpositam
1134 4205 1190 4252 ve-

161 4312 339 4398 ¹gravameu
354 4322 441 4398 eligat
456 4322 501 4378 ad.
564 4315 704 4397 ²quando
719 4322 802 4378 iutra.
869 4318 1040 4397 ³appellari.
1102 4315 1175 4379 ⁴ne.
