2692 4800
199 294 272 361 310
513 309 563 359 on
586 309 930 362 sermusnonmus.
1251 314 1286 366 c.
1300 318 1321 392 3
1325 316 1340 390 5

423 567 499 654 Gap.
511 589 530 655 3
533 589 563 654 5.
586 570 635 633 De
645 567 800 655 pecoribus
812 569 1020 656 apostolorum.

247 696 413 792 Apostoli
430 722 502 769 non
519 723 641 770 omnes
658 709 741 770 sunt
759 700 918 794 ejusdem
934 703 1084 797 generis.
1124 703 1250 799 Aliqui

198 825 281 886 sunt
310 816 506 896 dimissorii‚
532 825 640 908 atque
670 825 757 886 tunc
782 817 922 901 dantur,
944 840 1027 888 cum
1046 819 1164 911 judex
1189 844 1253 915 ap-

196 931 378 1024 pellationi
411 933 552 1002 defert:
597 943 679 1002 sunt
709 942 746 1003 et
780 933 990 1018 refutatorii,
1022 935 1084 1027 qui
1119 936 1253 1008 dentur

197 1071 279 1118 cum
308 1046 500 1141 appellatio
530 1072 599 1118 non
631 1058 685 1120 est
715 1047 913 1122 admissa¹:
953 1053 1061 1122 tertio
1089 1052 1170 1124 loco
1197 1054 1251 1125 di-

195 1173 325 1236 cuntur
349 1164 409 1234 alii
435 1165 696 1249 reverentiales,
719 1166 828 1257 hique
853 1168 983 1238 dantur
1007 1168 1150 1262 quando
1176 1193 1249 1242 non

195 1282 323 1351 merito
345 1302 467 1363 causac,
485 1282 547 1352 sed
565 1296 710 1375 propter
730 1282 900 1354 honorem
914 1285 1058 1376 judicis,
1076 1286 1121 1357 ad
1138 1308 1248 1378 quem

194 1396 414 1490 appellatum
453 1408 517 1479 est,
553 1397 712 1469 defertur
749 1399 989 1492 appellationi.
1059 1403 1249 1474 Postremo

194 1512 354 1608 apostoli,
385 1515 413 1584 si
446 1516 656 1608 quandoque
686 1518 723 1586 in
752 1516 990 1610 appellatione
1020 1519 1152 1589 dantur
1186 1543 1250 1590 ex·

195 1629 414 1723 trajudiciali,
433 1631 490 1701 vel
514 1632 799 1703 conventionales
820 1633 876 1703 vel
897 1634 1155 1706 testimoniales
1178 1636 1247 1707 dici

195 1755 463 1819 consueverunt.

291 1921 369 2006 Gap.
380 1922 432 2006 36.
458 1919 585 2000 cccc
599 1920 639 1984 ait
653 1942 726 2007 opus
739 1920 885 2006 apostolic
899 1931 926 1986 ot
939 1921 1061 2008 quondo
1075 1944 1147 1987 non.
1259 1928 1320 2006 146

241 2051 284 2121 In
301 2050 539 2145 appellatione
549 2050 711 2142 judiciali
729 2073 869 2142 semper
884 2073 973 2143 opus
990 2059 1045 2121 est
1062 2051 1245 2143 apostolis,

193 2191 264 2238 non
282 2170 369 2238 item
388 2168 423 2236 in
442 2164 680 2259 appellatione
697 2165 965 2259 extrajudiciali.

229 2339 307 2424 Gap.
316 2356 368 2425 37.
394 2339 521 2419 Quaado
529 2338 656 2423 petendi
670 2339 806 2426 apostoli,
823 2349 851 2403 et
865 2339 933 2425 quis
946 2340 1093 2404 tomiano
1107 2362 1209 2405 comm

512 2440 712 2527 mandorum
727 2440 915 2506 consclatur.

243 2570 395 2654 Quando
422 2573 536 2664 judex
571 2573 807 2664 appellatione
843 2575 1051 2666 interposita
1089 2576 1242 2667 praefixit

193 2689 286 2759 diem
317 2690 360 2758 ad
396 2690 528 2758 dandos
562 2689 748 2780 apostolos,
778 2687 959 2781 appellans
989 2698 1076 2759 tnnc
1108 2691 1152 2759 ad
1183 2715 1243 2761 cos

192 2808 363 2898 petendos
387 2806 494 2876 debet
519 2828 745 2897 comparere3
773 2807 865 2896 quod
888 2807 917 2875 si
940 2829 1010 2875 nou
1032 2807 1148 2888 faciat,
1167 2832 1243 2879 sen-

192 2924 306 2993 tentie
331 2932 454 2993 contre
474 2922 576 2991 illum
599 2922 672 2991 lata
695 2924 825 3014 poterit
848 2923 1049 2993 executioni
1073 2925 1241 2995 mandari.

194 3040 242 3108 Et
262 3063 371 3131 quum
391 3040 544 3131 spatium
564 3039 703 3107 termini
731 3039 866 3130 praelixi
890 3039 935 3108 ad
956 3039 1134 3132 apostolos
1159 3041 1243 3110 dan·

192 3157 255 3226 dos
278 3155 434 3247 amplum
460 3154 576 3235 fuerit,
595 3154 832 3246 appellantem
857 3156 941 3224 setis
963 3157 1030 3225 erit
1054 3156 1241 3249 aliqnando

128 3259 129 3263 ¹
192 3293 403 3361 comparere,
435 3279 472 3338 et
507 3270 585 3339 loco
615 3280 652 3338 et
683 3280 842 3363 tempore
876 3293 1031 3363 congruo
1065 3272 1242 3364 apostolos

77 4346 154 4504 N

191 3387 365 3457 instanter
398 3399 530 3478 petere.
592 3385 643 3455 At
674 3388 701 3455 si
730 3387 844 3477 judex
878 3398 999 3478 aperte
1033 3388 1173 3471 dixerit,
1204 3412 1240 3459 se

191 3502 286 3572 nolle
318 3503 410 3583 dare,
440 3505 495 3571 vel
524 3503 552 3571 si
582 3502 724 3593 praelixo
756 3504 907 3571 termino
937 3512 1000 3571 aut
1029 3526 1076 3572 ex
1106 3505 1240 3575 malitia

191 3631 254 3689 aut
276 3617 339 3687 ex²
363 3618 580 3711 negligentia
603 3641 672 3687 non
698 3618 845 3699 dederit,
870 3630 1036 3710 poterunt
1061 3621 1239 3715 litigantes

190 3735 464 3828 appellationem
491 3736 565 3804 sine
592 3735 661 3803 illis
687 3737 858 3826 prosequi.
917 3735 965 3806 Et
988 3738 1016 3806 si
1036 3737 1162 3828 judex,
1180 3740 1239 3831 qui

191 3876 260 3921 non
281 3852 430 3933 dederit,
450 3851 639 3942 procedere
661 3862 817 3920 attentet
836 3852 870 3919 in
889 3875 1004 3933 causa,
1022 3854 1142 3923 omnia
1162 3878 1240 3946 quae

192 3969 315 4038 fecerit
349 3976 454 4037 erunt
485 3967 665 4048 invalida,
703 3977 740 4036 et
769 3968 944 4059 ajudice,
971 3969 1015 4038 ad
1044 3991 1152 4059 quem
1183 3994 1240 4062 sp-

190 4084 360 4176 pellatum
395 4095 460 4165 est,
491 4083 674 4152 arbitraria
706 4107 808 4174 poena
843 4084 1028 4175 plectetur.
1088 4085 1241 4179 Tempus

190 4214 309 4273 autem
329 4201 443 4293 quoad
466 4199 643 4291 apostolos
665 4201 798 4270 dandos
818 4200 1074 4294 longissimum,
1092 4212 1130 4273 et
1148 4204 1239 4295 quod

192 4320 333 4411 proferri
360 4341 431 4387 non
460 4317 579 4408 possit,
598 4317 744 4409 triginta
768 4317 842 4386 dies
865 4340 941 4387 esse
960 4318 1132 4397 volumus,
1150 4322 1240 4389 intra

463 4449 469 4488 ¹
487 4456 602 4514 amisse.
844 4450 858 4485 ⁰·
874 4475 913 4510 en
925 4476 979 4510 out.
