<?xml version="1.0" encoding="UTF-8"?>
<!DOCTYPE html PUBLIC "-//W3C//DTD XHTML 1.0 Transitional//EN"
    "http://www.w3.org/TR/xhtml1/DTD/xhtml1-transitional.dtd">
<html xmlns="http://www.w3.org/1999/xhtml" xml:lang="en" lang="en">
 <head>
  <title>
</title>
<meta http-equiv="Content-Type" content="text/html;charset=utf-8" />
  <meta name='ocr-system' content='tesseract 3.04.00' />
  <meta name='ocr-capabilities' content='ocr_page ocr_carea ocr_par ocr_line ocrx_word'/>
</head>
<body>
  <div class='ocr_page' id='page_1' title='image "./reformationeccl01cardgoog_0145.png"; bbox 0 0 2692 4800; ppageno 0'>
   <div class='ocr_carea' id='block_1_1' title="bbox 152 144 1232 217">
    <p class='ocr_par' dir='ltr' id='par_1_1' title="bbox 152 144 1232 217">
     <span class='ocr_line' id='line_1_1' title="bbox 152 144 1232 217; baseline -0.002 0"><span class='ocrx_word' id='word_1_1' title='bbox 152 144 200 217; x_wconf 87' lang='grc'>78</span> <span class='ocrx_word' id='word_1_2' title='bbox 503 162 551 213; x_wconf 80' lang='lat' dir='ltr'>nn</span> <span class='ocrx_word' id='word_1_3' title='bbox 579 162 821 216; x_wconf 76' lang='lat' dir='ltr'>runeamour.</span> <span class='ocrx_word' id='word_1_4' title='bbox 1191 162 1232 215; x_wconf 79' lang='lat' dir='ltr'>or</span> 
     </span>
    </p>
   </div>
   <div class='ocr_carea' id='block_1_2' title="bbox 146 438 1198 1692">
    <p class='ocr_par' dir='ltr' id='par_1_2' title="bbox 160 438 1185 527">
     <span class='ocr_line' id='line_1_2' title="bbox 160 438 1185 527; baseline 0.007 -23"><span class='ocrx_word' id='word_1_5' title='bbox 160 438 237 524; x_wconf 78' lang='lat' dir='ltr'>(lap.</span> <span class='ocrx_word' id='word_1_6' title='bbox 252 459 301 520; x_wconf 87' lang='lat'>14.</span> <span class='ocrx_word' id='word_1_7' title='bbox 324 438 400 502; x_wconf 72' lang='lat' dir='ltr'>Bm</span> <span class='ocrx_word' id='word_1_8' title='bbox 406 447 562 525; x_wconf 70' lang='lat' dir='ltr'>perpetua</span> <span class='ocrx_word' id='word_1_9' title='bbox 568 461 630 526; x_wconf 81' lang='lat' dir='ltr'>per</span> <span class='ocrx_word' id='word_1_10' title='bbox 635 440 775 525; x_wconf 75' lang='lat' dir='ltr'>jadicem</span> <span class='ocrx_word' id='word_1_11' title='bbox 782 443 887 527; x_wconf 84' lang='lat' dir='ltr'>scmoe</span> <span class='ocrx_word' id='word_1_12' title='bbox 901 441 990 507; x_wconf 77' lang='lat' dir='ltr'>donoe</span> <span class='ocrx_word' id='word_1_13' title='bbox 1003 443 1185 511; x_wconf 65' lang='lat' dir='ltr'>mittatur.</span> 
     </span>
    </p>

    <p class='ocr_par' dir='ltr' id='par_1_3' title="bbox 146 571 1198 1692">
     <span class='ocr_line' id='line_1_3' title="bbox 198 571 1193 668; baseline 0.006 -27"><span class='ocrx_word' id='word_1_14' title='bbox 198 571 292 641; x_wconf 89' lang='lat' dir='ltr'>Cum</span> <span class='ocrx_word' id='word_1_15' title='bbox 323 571 437 663; x_wconf 89' lang='lat' dir='ltr'>isqui</span> <span class='ocrx_word' id='word_1_16' title='bbox 464 595 545 643; x_wconf 85' lang='lat' dir='ltr'>neus</span> <span class='ocrx_word' id='word_1_17' title='bbox 574 573 621 643; x_wconf 88' lang='lat' dir='ltr'>sit</span> <span class='ocrx_word' id='word_1_18' title='bbox 647 573 803 644; x_wconf 87' lang='lat' dir='ltr'>criminis</span> <span class='ocrx_word' id='word_1_19' title='bbox 833 574 949 645; x_wconf 88' lang='lat' dir='ltr'>factus</span> <span class='ocrx_word' id='word_1_20' title='bbox 975 572 1138 668; x_wconf 81' lang='lat' dir='ltr'>legitime</span> <span class='ocrx_word' id='word_1_21' title='bbox 1159 596 1193 646; x_wconf 81' lang='lat' dir='ltr'>se</span> 
     </span>
     <span class='ocr_line' id='line_1_4' title="bbox 149 686 1194 783; baseline 0.005 -27"><span class='ocrx_word' id='word_1_22' title='bbox 149 686 362 772; x_wconf 80' lang='lat' dir='ltr'><strong>liberaverit,</strong></span> <span class='ocrx_word' id='word_1_23' title='bbox 381 687 495 780; x_wconf 87' lang='lat' dir='ltr'>judex</span> <span class='ocrx_word' id='word_1_24' title='bbox 512 687 621 759; x_wconf 89' lang='lat' dir='ltr'>debet</span> <span class='ocrx_word' id='word_1_25' title='bbox 643 688 744 758; x_wconf 92' lang='lat' dir='ltr'>illum</span> <span class='ocrx_word' id='word_1_26' title='bbox 768 689 948 783; x_wconf 82' lang='lat' dir='ltr'>integrum</span> <span class='ocrx_word' id='word_1_27' title='bbox 970 698 1010 761; x_wconf 89' lang='lat' dir='ltr'>et</span> <span class='ocrx_word' id='word_1_28' title='bbox 1032 689 1194 762; x_wconf 90' lang='lat' dir='ltr'>innocen-</span> 
     </span>
     <span class='ocr_line' id='line_1_5' title="bbox 149 804 1193 898; baseline 0.004 -24"><span class='ocrx_word' id='word_1_29' title='bbox 149 816 223 876; x_wconf 91' lang='lat' dir='ltr'>tem</span> <span class='ocrx_word' id='word_1_30' title='bbox 249 805 392 898; x_wconf 88' lang='lat' dir='ltr'>publice</span> <span class='ocrx_word' id='word_1_31' title='bbox 421 804 660 898; x_wconf 88' lang='lat' dir='ltr'>pronuntiare,</span> <span class='ocrx_word' id='word_1_32' title='bbox 687 828 914 875; x_wconf 89' lang='lat' dir='ltr'>communem</span> <span class='ocrx_word' id='word_1_33' title='bbox 940 813 983 876; x_wconf 86' lang='lat' dir='ltr'>ut</span> <span class='ocrx_word' id='word_1_34' title='bbox 1012 806 1193 879; x_wconf 90' lang='lat' dir='ltr'>hominum</span> 
     </span>
     <span class='ocr_line' id='line_1_6' title="bbox 149 920 1194 1015; baseline 0.006 -24"><span class='ocrx_word' id='word_1_35' title='bbox 149 922 389 1015; x_wconf 89' lang='lat' dir='ltr'>improborum</span> <span class='ocrx_word' id='word_1_36' title='bbox 416 933 453 993; x_wconf 90' lang='lat' dir='ltr'>et</span> <span class='ocrx_word' id='word_1_37' title='bbox 479 920 700 992; x_wconf 82' lang='lat' dir='ltr'>licentiosam</span> <span class='ocrx_word' id='word_1_38' title='bbox 726 921 953 993; x_wconf 75' lang='lat' dir='ltr'>dicacitatem</span> <span class='ocrx_word' id='word_1_39' title='bbox 979 920 1194 997; x_wconf 83' lang='lat' dir='ltr'>authoritate</span> 
     </span>
     <span class='ocr_line' id='line_1_7' title="bbox 148 1035 1195 1134; baseline 0.004 -26"><span class='ocrx_word' id='word_1_40' title='bbox 148 1038 315 1109; x_wconf 88' lang='lat' dir='ltr'>solemnis</span> <span class='ocrx_word' id='word_1_41' title='bbox 328 1039 512 1109; x_wconf 87' lang='lat' dir='ltr'>sententiae</span> <span class='ocrx_word' id='word_1_42' title='bbox 526 1038 668 1108; x_wconf 75' lang='lat' dir='ltr'>refutet</span> <span class='ocrx_word' id='word_1_43' title='bbox 700 1035 828 1131; x_wconf 87' lang='lat' dir='ltr'>Itaque</span> <span class='ocrx_word' id='word_1_44' title='bbox 845 1061 927 1109; x_wconf 90' lang='lat' dir='ltr'>cum</span> <span class='ocrx_word' id='word_1_45' title='bbox 945 1060 1195 1134; x_wconf 65' lang='lat' dir='ltr'>personaque</span> 
     </span>
     <span class='ocr_line' id='line_1_8' title="bbox 148 1153 1195 1250; baseline 0.006 -26"><span class='ocrx_word' id='word_1_46' title='bbox 148 1178 209 1225; x_wconf 89' lang='lat' dir='ltr'>rea</span> <span class='ocrx_word' id='word_1_47' title='bbox 239 1155 316 1238; x_wconf 82' lang='lat' dir='ltr'>fuit,</span> <span class='ocrx_word' id='word_1_48' title='bbox 341 1155 477 1247; x_wconf 89' lang='lat' dir='ltr'>judicio</span> <span class='ocrx_word' id='word_1_49' title='bbox 512 1153 616 1247; x_wconf 88' lang='lat' dir='ltr'>plane</span> <span class='ocrx_word' id='word_1_50' title='bbox 650 1154 872 1238; x_wconf 82' lang='lat' dir='ltr'>satisfecerit,</span> <span class='ocrx_word' id='word_1_51' title='bbox 900 1153 1061 1247; x_wconf 84' lang='lat' dir='ltr'>diploma</span> <span class='ocrx_word' id='word_1_52' title='bbox 1083 1158 1195 1250; x_wconf 87' lang='lat' dir='ltr'>judex</span> 
     </span>
     <span class='ocr_line' id='line_1_9' title="bbox 146 1269 1197 1365; baseline 0.006 -23"><span class='ocrx_word' id='word_1_53' title='bbox 146 1272 312 1342; x_wconf 85' lang='lat' dir='ltr'>conficiat</span> <span class='ocrx_word' id='word_1_54' title='bbox 333 1272 489 1341; x_wconf 86' lang='lat' dir='ltr'>muneris</span> <span class='ocrx_word' id='word_1_55' title='bbox 510 1273 566 1341; x_wconf 91' lang='lat' dir='ltr'>sui</span> <span class='ocrx_word' id='word_1_56' title='bbox 588 1271 689 1364; x_wconf 83' lang='lat' dir='ltr'>signo</span> <span class='ocrx_word' id='word_1_57' title='bbox 712 1269 927 1354; x_wconf 88' lang='lat' dir='ltr'>conclusum,</span> <span class='ocrx_word' id='word_1_58' title='bbox 946 1271 983 1341; x_wconf 89' lang='lat' dir='ltr'>in</span> <span class='ocrx_word' id='word_1_59' title='bbox 1001 1295 1076 1365; x_wconf 89' lang='lat' dir='ltr'>quo</span> <span class='ocrx_word' id='word_1_60' title='bbox 1098 1277 1197 1348; x_wconf 85' lang='lat' dir='ltr'>satis·</span> 
     </span>
     <span class='ocr_line' id='line_1_10' title="bbox 148 1386 1196 1479; baseline 0.005 -22"><span class='ocrx_word' id='word_1_61' title='bbox 148 1388 256 1458; x_wconf 86' lang='lat' dir='ltr'>factio</span> <span class='ocrx_word' id='word_1_62' title='bbox 273 1410 340 1456; x_wconf 83' lang='lat' dir='ltr'>reae</span> <span class='ocrx_word' id='word_1_63' title='bbox 362 1409 518 1479; x_wconf 85' lang='lat' dir='ltr'>personae</span> <span class='ocrx_word' id='word_1_64' title='bbox 542 1387 793 1458; x_wconf 86' lang='lat' dir='ltr'>continebitur.</span> <span class='ocrx_word' id='word_1_65' title='bbox 846 1386 895 1457; x_wconf 89' lang='lat' dir='ltr'>Et</span> <span class='ocrx_word' id='word_1_66' title='bbox 917 1409 999 1457; x_wconf 87' lang='lat' dir='ltr'>cum</span> <span class='ocrx_word' id='word_1_67' title='bbox 1023 1410 1108 1461; x_wconf 87' lang='lat' dir='ltr'>reus</span> <span class='ocrx_word' id='word_1_68' title='bbox 1130 1390 1196 1462; x_wconf 90' lang='lat' dir='ltr'>hoc</span> 
     </span>
     <span class='ocr_line' id='line_1_11' title="bbox 148 1503 1198 1601; baseline 0.003 -26"><span class='ocrx_word' id='word_1_69' title='bbox 148 1503 390 1598; x_wconf 83' lang='lat' dir='ltr'>postulaverit,</span> <span class='ocrx_word' id='word_1_70' title='bbox 401 1504 516 1596; x_wconf 87' lang='lat' dir='ltr'>judex</span> <span class='ocrx_word' id='word_1_71' title='bbox 532 1504 647 1597; x_wconf 91' lang='lat' dir='ltr'>primo</span> <span class='ocrx_word' id='word_1_72' title='bbox 662 1526 807 1597; x_wconf 91' lang='lat' dir='ltr'>quoque</span> <span class='ocrx_word' id='word_1_73' title='bbox 830 1504 1019 1576; x_wconf 91' lang='lat' dir='ltr'>commodo</span> <span class='ocrx_word' id='word_1_74' title='bbox 1035 1513 1198 1601; x_wconf 81' lang='lat' dir='ltr'>tempore</span> 
     </span>
     <span class='ocr_line' id='line_1_12' title="bbox 147 1620 487 1692; baseline 0 -1"><span class='ocrx_word' id='word_1_75' title='bbox 147 1620 357 1691; x_wconf 89' lang='lat' dir='ltr'>tradendum</span> <span class='ocrx_word' id='word_1_76' title='bbox 375 1632 487 1692; x_wconf 86' lang='lat' dir='ltr'>curet.</span> 
     </span>
    </p>
   </div>
   <div class='ocr_carea' id='block_1_3' title="bbox 145 1847 1232 2881">
    <p class='ocr_par' dir='ltr' id='par_1_4' title="bbox 266 1847 1232 1937">
     <span class='ocr_line' id='line_1_13' title="bbox 266 1847 1232 1937; baseline 0.003 -23"><span class='ocrx_word' id='word_1_77' title='bbox 266 1848 343 1934; x_wconf 83' lang='lat' dir='ltr'>Gap.</span> <span class='ocrx_word' id='word_1_78' title='bbox 359 1864 407 1935; x_wconf 82' lang='lat'>15.</span> <span class='ocrx_word' id='word_1_79' title='bbox 433 1849 606 1913; x_wconf 74' lang='lat' dir='ltr'>occasiones</span> <span class='ocrx_word' id='word_1_80' title='bbox 620 1849 785 1914; x_wconf 58' lang='lat' dir='ltr'>criminum</span> <span class='ocrx_word' id='word_1_81' title='bbox 795 1847 992 1932; x_wconf 68' lang='lat' dir='ltr'>politanae</span> <span class='ocrx_word' id='word_1_82' title='bbox 1005 1860 1088 1917; x_wconf 71' lang='lat' dir='ltr'>m.</span> <span class='ocrx_word' id='word_1_83' title='bbox 1203 1855 1232 1937; x_wconf 74' lang='lat'>3¹</span> 
     </span>
    </p>

    <p class='ocr_par' dir='ltr' id='par_1_5' title="bbox 145 1973 1196 2881">
     <span class='ocr_line' id='line_1_14' title="bbox 196 1973 1195 2067; baseline 0.006 -25"><span class='ocrx_word' id='word_1_84' title='bbox 196 1973 374 2056; x_wconf 87' lang='lat' dir='ltr'>Quoniam</span> <span class='ocrx_word' id='word_1_85' title='bbox 396 1974 440 2043; x_wconf 90' lang='lat' dir='ltr'>ad</span> <span class='ocrx_word' id='word_1_86' title='bbox 465 1974 621 2043; x_wconf 83' lang='lat' dir='ltr'>maxima</span> <span class='ocrx_word' id='word_1_87' title='bbox 643 1973 776 2044; x_wconf 89' lang='lat' dir='ltr'>scelera</span> <span class='ocrx_word' id='word_1_88' title='bbox 797 1973 964 2067; x_wconf 78' lang='lat' dir='ltr'>gradibus</span> <span class='ocrx_word' id='word_1_89' title='bbox 984 1974 1195 2066; x_wconf 85' lang='lat' dir='ltr'>quibusdam</span> 
     </span>
     <span class='ocr_line' id='line_1_15' title="bbox 146 2089 1196 2183; baseline 0.005 -23"><span class='ocrx_word' id='word_1_90' title='bbox 146 2091 358 2171; x_wconf 85' lang='lat' dir='ltr'>ascenditur,</span> <span class='ocrx_word' id='word_1_91' title='bbox 370 2089 484 2181; x_wconf 87' lang='lat' dir='ltr'>judex</span> <span class='ocrx_word' id='word_1_92' title='bbox 502 2089 565 2160; x_wconf 88' lang='lat' dir='ltr'>hos</span> <span class='ocrx_word' id='word_1_93' title='bbox 585 2090 679 2181; x_wconf 87' lang='lat' dir='ltr'>ipsos</span> <span class='ocrx_word' id='word_1_94' title='bbox 700 2090 830 2183; x_wconf 84' lang='lat' dir='ltr'>gradus</span> <span class='ocrx_word' id='word_1_95' title='bbox 852 2090 995 2172; x_wconf 87' lang='lat' dir='ltr'>incidat,</span> <span class='ocrx_word' id='word_1_96' title='bbox 1013 2101 1052 2161; x_wconf 91' lang='lat' dir='ltr'>et</span> <span class='ocrx_word' id='word_1_97' title='bbox 1074 2116 1196 2165; x_wconf 87' lang='lat' dir='ltr'>causas</span> 
     </span>
     <span class='ocr_line' id='line_1_16' title="bbox 146 2204 1195 2299; baseline 0.003 -21"><span class='ocrx_word' id='word_1_98' title='bbox 146 2217 318 2298; x_wconf 89' lang='lat' dir='ltr'>amputet,</span> <span class='ocrx_word' id='word_1_99' title='bbox 336 2205 464 2297; x_wconf 90' lang='lat' dir='ltr'>quibus</span> <span class='ocrx_word' id='word_1_100' title='bbox 487 2205 622 2299; x_wconf 81' lang='lat' dir='ltr'>flagitia</span> <span class='ocrx_word' id='word_1_101' title='bbox 646 2205 818 2298; x_wconf 85' lang='lat' dir='ltr'>proficisci</span> <span class='ocrx_word' id='word_1_102' title='bbox 842 2204 967 2276; x_wconf 88' lang='lat' dir='ltr'>solent.</span> <span class='ocrx_word' id='word_1_103' title='bbox 1021 2205 1195 2281; x_wconf 87' lang='lat' dir='ltr'>Nomina-</span> 
     </span>
     <span class='ocr_line' id='line_1_17' title="bbox 146 2322 1194 2415; baseline 0.006 -23"><span class='ocrx_word' id='word_1_104' title='bbox 146 2325 211 2392; x_wconf 92' lang='lat' dir='ltr'>tim</span> <span class='ocrx_word' id='word_1_105' title='bbox 236 2324 296 2414; x_wconf 92' lang='lat' dir='ltr'>qui</span> <span class='ocrx_word' id='word_1_106' title='bbox 322 2333 505 2414; x_wconf 86' lang='lat' dir='ltr'>suspectus</span> <span class='ocrx_word' id='word_1_107' title='bbox 531 2331 585 2393; x_wconf 88' lang='lat' dir='ltr'>est</span> <span class='ocrx_word' id='word_1_108' title='bbox 610 2322 785 2404; x_wconf 91' lang='lat' dir='ltr'>adulterii,</span> <span class='ocrx_word' id='word_1_109' title='bbox 805 2323 920 2415; x_wconf 88' lang='lat' dir='ltr'>judex</span> <span class='ocrx_word' id='word_1_110' title='bbox 944 2323 1072 2395; x_wconf 90' lang='lat' dir='ltr'>domus</span> <span class='ocrx_word' id='word_1_111' title='bbox 1098 2327 1194 2397; x_wconf 89' lang='lat' dir='ltr'>omni</span> 
     </span>
     <span class='ocr_line' id='line_1_18' title="bbox 146 2435 1194 2531; baseline 0.005 -22"><span class='ocrx_word' id='word_1_112' title='bbox 146 2463 211 2510; x_wconf 84' lang='lat' dir='ltr'>usu</span> <span class='ocrx_word' id='word_1_113' title='bbox 232 2439 432 2521; x_wconf 86' lang='lat' dir='ltr'>interdicat,</span> <span class='ocrx_word' id='word_1_114' title='bbox 456 2435 552 2531; x_wconf 69' lang='lat' dir='ltr'>quael</span> <span class='ocrx_word' id='word_1_115' title='bbox 578 2439 688 2531; x_wconf 88' lang='lat' dir='ltr'>possit</span> <span class='ocrx_word' id='word_1_116' title='bbox 711 2462 793 2509; x_wconf 87' lang='lat' dir='ltr'>cum</span> <span class='ocrx_word' id='word_1_117' title='bbox 820 2438 1021 2531; x_wconf 87' lang='lat' dir='ltr'>hujusmodi</span> <span class='ocrx_word' id='word_1_118' title='bbox 1047 2441 1194 2514; x_wconf 86' lang='lat' dir='ltr'>foemina</span> 
     </span>
     <span class='ocr_line' id='line_1_19' title="bbox 146 2555 1192 2657; baseline 0.004 -31"><span class='ocrx_word' id='word_1_119' title='bbox 146 2555 388 2637; x_wconf 83' lang='lat' dir='ltr'>intercedere3</span> <span class='ocrx_word' id='word_1_120' title='bbox 424 2555 671 2657; x_wconf 75' lang='lat' dir='ltr'>quodjudicis</span> <span class='ocrx_word' id='word_1_121' title='bbox 701 2555 910 2626; x_wconf 86' lang='lat' dir='ltr'>mandatum</span> <span class='ocrx_word' id='word_1_122' title='bbox 932 2556 960 2625; x_wconf 90' lang='lat' dir='ltr'>si</span> <span class='ocrx_word' id='word_1_123' title='bbox 988 2557 1192 2650; x_wconf 86' lang='lat' dir='ltr'>neglectum</span> 
     </span>
     <span class='ocr_line' id='line_1_20' title="bbox 145 2671 1194 2764; baseline 0.004 -21"><span class='ocrx_word' id='word_1_124' title='bbox 145 2673 263 2756; x_wconf 87' lang='lat' dir='ltr'>fuerit,</span> <span class='ocrx_word' id='word_1_125' title='bbox 281 2694 419 2764; x_wconf 90' lang='lat' dir='ltr'>poenam</span> <span class='ocrx_word' id='word_1_126' title='bbox 443 2694 464 2740; x_wconf 92' lang='lat' dir='ltr'>a</span> <span class='ocrx_word' id='word_1_127' title='bbox 489 2694 527 2742; x_wconf 88' lang='lat' dir='ltr'>se</span> <span class='ocrx_word' id='word_1_128' title='bbox 551 2673 645 2764; x_wconf 85' lang='lat' dir='ltr'>prius</span> <span class='ocrx_word' id='word_1_129' title='bbox 663 2673 864 2743; x_wconf 86' lang='lat' dir='ltr'>institutam</span> <span class='ocrx_word' id='word_1_130' title='bbox 887 2674 963 2743; x_wconf 89' lang='lat' dir='ltr'>sine</span> <span class='ocrx_word' id='word_1_131' title='bbox 981 2671 1056 2744; x_wconf 92' lang='lat' dir='ltr'>ullo</span> <span class='ocrx_word' id='word_1_132' title='bbox 1074 2675 1194 2747; x_wconf 82' lang='lat' dir='ltr'>favore</span> 
     </span>
     <span class='ocr_line' id='line_1_21' title="bbox 145 2786 542 2881; baseline -0.008 -21"><span class='ocrx_word' id='word_1_133' title='bbox 145 2789 381 2880; x_wconf 88' lang='lat' dir='ltr'>contemptori</span> <span class='ocrx_word' id='word_1_134' title='bbox 395 2786 542 2881; x_wconf 84' lang='lat' dir='ltr'>infligat.</span> 
     </span>
    </p>
   </div>
   <div class='ocr_carea' id='block_1_4' title="bbox 349 2988 989 3100">
    <p class='ocr_par' dir='ltr' id='par_1_6' title="bbox 349 2988 989 3100">
     <span class='ocr_line' id='line_1_22' title="bbox 349 2988 989 3100; baseline 0 -22"><span class='ocrx_word' id='word_1_135' title='bbox 349 3013 426 3098; x_wconf 83' lang='lat' dir='ltr'>Gap.</span> <span class='ocrx_word' id='word_1_136' title='bbox 441 3016 489 3076; x_wconf 89' lang='lat'>16.</span> <span class='ocrx_word' id='word_1_137' title='bbox 504 2988 614 3077; x_wconf 61' lang='lat' dir='ltr'>&#39;Paerm</span> <span class='ocrx_word' id='word_1_138' title='bbox 627 3034 658 3076; x_wconf 83' lang='lat' dir='ltr'>ac</span> <span class='ocrx_word' id='word_1_139' title='bbox 672 3034 731 3076; x_wconf 80' lang='lat' dir='ltr'>oon</span> <span class='ocrx_word' id='word_1_140' title='bbox 746 3014 804 3077; x_wconf 73' lang='lat' dir='ltr'>rito</span> <span class='ocrx_word' id='word_1_141' title='bbox 810 3016 989 3100; x_wconf 67' lang='lat' dir='ltr'>parcentis.</span> 
     </span>
    </p>
   </div>
   <div class='ocr_carea' id='block_1_5' title="bbox 144 3136 1193 3462">
    <p class='ocr_par' dir='ltr' id='par_1_7' title="bbox 144 3136 1193 3462">
     <span class='ocr_line' id='line_1_23' title="bbox 187 3136 1193 3233; baseline 0.005 -26"><span class='ocrx_word' id='word_1_142' title='bbox 187 3136 225 3207; x_wconf 85' lang='lat' dir='ltr'>Si</span> <span class='ocrx_word' id='word_1_143' title='bbox 244 3136 406 3206; x_wconf 85' lang='lat' dir='ltr'>defensor</span> <span class='ocrx_word' id='word_1_144' title='bbox 423 3137 668 3229; x_wconf 84' lang='lat' dir='ltr'>purgationem</span> <span class='ocrx_word' id='word_1_145' title='bbox 687 3137 850 3207; x_wconf 84' lang='lat' dir='ltr'>omnibus</span> <span class='ocrx_word' id='word_1_146' title='bbox 868 3137 1028 3230; x_wconf 90' lang='lat' dir='ltr'>partibus</span> <span class='ocrx_word' id='word_1_147' title='bbox 1045 3139 1193 3233; x_wconf 89' lang='lat' dir='ltr'>implere</span> 
     </span>
     <span class='ocr_line' id='line_1_24' title="bbox 144 3252 1193 3352; baseline 0.005 -27"><span class='ocrx_word' id='word_1_148' title='bbox 144 3278 213 3325; x_wconf 90' lang='lat' dir='ltr'>non</span> <span class='ocrx_word' id='word_1_149' title='bbox 234 3254 353 3345; x_wconf 87' lang='lat' dir='ltr'>possit,</span> <span class='ocrx_word' id='word_1_150' title='bbox 372 3253 554 3321; x_wconf 89' lang='lat' dir='ltr'>convictus</span> <span class='ocrx_word' id='word_1_151' title='bbox 572 3252 798 3323; x_wconf 86' lang='lat' dir='ltr'>existimetur</span> <span class='ocrx_word' id='word_1_152' title='bbox 814 3254 890 3346; x_wconf 88' lang='lat' dir='ltr'>ejus</span> <span class='ocrx_word' id='word_1_153' title='bbox 912 3256 1069 3329; x_wconf 87' lang='lat' dir='ltr'>criminis</span> <span class='ocrx_word' id='word_1_154' title='bbox 1093 3260 1193 3352; x_wconf 87' lang='lat' dir='ltr'>cujus</span> 
     </span>
     <span class='ocr_line' id='line_1_25' title="bbox 144 3367 489 3462; baseline -0.012 -21"><span class='ocrx_word' id='word_1_155' title='bbox 144 3381 227 3441; x_wconf 89' lang='lat' dir='ltr'>ante</span> <span class='ocrx_word' id='word_1_156' title='bbox 243 3370 392 3462; x_wconf 87' lang='lat' dir='ltr'>quaestio</span> <span class='ocrx_word' id='word_1_157' title='bbox 410 3367 489 3437; x_wconf 87' lang='lat' dir='ltr'>fuit.</span> 
     </span>
    </p>
   </div>
   <div class='ocr_carea' id='block_1_6' title="bbox 416 3579 916 3664">
    <p class='ocr_par' dir='ltr' id='par_1_8' title="bbox 416 3579 916 3664">
     <span class='ocr_line' id='line_1_26' title="bbox 416 3579 916 3664; baseline 0.002 -19"><span class='ocrx_word' id='word_1_158' title='bbox 416 3579 494 3664; x_wconf 79' lang='lat' dir='ltr'>Gap.</span> <span class='ocrx_word' id='word_1_159' title='bbox 512 3596 559 3660; x_wconf 88' lang='lat'>17.</span> <span class='ocrx_word' id='word_1_160' title='bbox 583 3580 757 3644; x_wconf 80' lang='lat' dir='ltr'>Poeacram</span> <span class='ocrx_word' id='word_1_161' title='bbox 772 3581 916 3646; x_wconf 68' lang='lat' dir='ltr'>coriaco.</span> 
     </span>
    </p>
   </div>
   <div class='ocr_carea' id='block_1_7' title="bbox 143 3701 1190 4030">
    <p class='ocr_par' dir='ltr' id='par_1_9' title="bbox 143 3701 1190 4030">
     <span class='ocr_line' id='line_1_27' title="bbox 194 3701 1190 3803; baseline 0.005 -29"><span class='ocrx_word' id='word_1_162' title='bbox 194 3704 285 3774; x_wconf 87' lang='lat' dir='ltr'>Cum</span> <span class='ocrx_word' id='word_1_163' title='bbox 317 3727 397 3774; x_wconf 88' lang='lat' dir='ltr'>reus</span> <span class='ocrx_word' id='word_1_164' title='bbox 424 3701 649 3773; x_wconf 87' lang='lat' dir='ltr'>accusatione</span> <span class='ocrx_word' id='word_1_165' title='bbox 678 3705 914 3790; x_wconf 87' lang='lat' dir='ltr'>convincitur,</span> <span class='ocrx_word' id='word_1_166' title='bbox 945 3703 1048 3775; x_wconf 93' lang='lat' dir='ltr'>illum</span> <span class='ocrx_word' id='word_1_167' title='bbox 1076 3711 1190 3803; x_wconf 80' lang='lat' dir='ltr'>gnavis</span> 
     </span>
     <span class='ocr_line' id='line_1_28' title="bbox 143 3820 1188 3914; baseline 0.005 -23"><span class='ocrx_word' id='word_1_168' title='bbox 143 3844 248 3914; x_wconf 87' lang='lat' dir='ltr'>poena</span> <span class='ocrx_word' id='word_1_169' title='bbox 269 3821 524 3911; x_wconf 87' lang='lat' dir='ltr'>subsequatur;</span> <span class='ocrx_word' id='word_1_170' title='bbox 552 3821 612 3889; x_wconf 85' lang='lat' dir='ltr'>sed</span> <span class='ocrx_word' id='word_1_171' title='bbox 631 3820 860 3912; x_wconf 87' lang='lat' dir='ltr'>inquisitione</span> <span class='ocrx_word' id='word_1_172' title='bbox 878 3821 906 3890; x_wconf 88' lang='lat' dir='ltr'>si</span> <span class='ocrx_word' id='word_1_173' title='bbox 924 3844 1005 3893; x_wconf 89' lang='lat' dir='ltr'>reus</span> <span class='ocrx_word' id='word_1_174' title='bbox 1026 3830 1083 3895; x_wconf 89' lang='lat' dir='ltr'>est</span> <span class='ocrx_word' id='word_1_175' title='bbox 1099 3826 1188 3896; x_wconf 86' lang='lat' dir='ltr'>evic-</span> 
     </span>
     <span class='ocr_line' id='line_1_29' title="bbox 143 3933 1186 4030; baseline 0.003 -23"><span class='ocrx_word' id='word_1_176' title='bbox 143 3946 211 4020; x_wconf 89' lang='lat' dir='ltr'>tus,</span> <span class='ocrx_word' id='word_1_177' title='bbox 230 3935 388 4007; x_wconf 88' lang='lat' dir='ltr'>nonnihil</span> <span class='ocrx_word' id='word_1_178' title='bbox 410 3933 462 4003; x_wconf 93' lang='lat' dir='ltr'>illi</span> <span class='ocrx_word' id='word_1_179' title='bbox 480 3934 587 4004; x_wconf 90' lang='lat' dir='ltr'>debet</span> <span class='ocrx_word' id='word_1_180' title='bbox 606 3937 722 4027; x_wconf 84' lang='lat' dir='ltr'>parci3</span> <span class='ocrx_word' id='word_1_181' title='bbox 752 3945 790 4006; x_wconf 92' lang='lat' dir='ltr'>et</span> <span class='ocrx_word' id='word_1_182' title='bbox 808 3937 920 4030; x_wconf 86' lang='lat' dir='ltr'>magis</span> <span class='ocrx_word' id='word_1_183' title='bbox 938 3937 1048 4009; x_wconf 89' lang='lat' dir='ltr'>etiam</span> <span class='ocrx_word' id='word_1_184' title='bbox 1075 3941 1186 4012; x_wconf 85' lang='lat' dir='ltr'>adhuc</span> 
     </span>
    </p>
   </div>
   <div class='ocr_carea' id='block_1_8' title="bbox 291 4149 1045 4230">
    <p class='ocr_par' dir='ltr' id='par_1_10' title="bbox 291 4149 1045 4230">
     <span class='ocr_line' id='line_1_30' title="bbox 291 4149 1045 4230; baseline 0.008 -23"><span class='ocrx_word' id='word_1_185' title='bbox 291 4149 302 4194; x_wconf 93' lang='lat' dir='ltr'>l</span> <span class='ocrx_word' id='word_1_186' title='bbox 318 4152 419 4208; x_wconf 88' lang='lat' dir='ltr'>domus</span> <span class='ocrx_word' id='word_1_187' title='bbox 433 4151 705 4227; x_wconf 84' lang='lat' dir='ltr'>omnis-——quo</span> <span class='ocrx_word' id='word_1_188' title='bbox 721 4153 794 4212; x_wconf 85' lang='lat' dir='ltr'>Edd.</span> <span class='ocrx_word' id='word_1_189' title='bbox 813 4152 898 4224; x_wconf 84' lang='lat'>1640.</span> <span class='ocrx_word' id='word_1_190' title='bbox 914 4155 1045 4230; x_wconf 75' lang='lat' dir='ltr'>et1641.</span> 
     </span>
    </p>
   </div>
   <div class='ocr_carea' id='block_1_9' title="bbox 0 0 1350 4800">
    <p class='ocr_par' dir='ltr' id='par_1_11' title="bbox 0 0 1350 4800">
     <span class='ocr_line' id='line_1_31' title="bbox 0 0 1350 4800; baseline 0 1"><span class='ocrx_word' id='word_1_191' title='bbox 0 0 1350 4800; x_wconf 95' lang='lat' dir='ltr'> </span> 
     </span>
    </p>
   </div>
  </div>
 </body>
</html>
