2692 4800
156 273 230 338 304
474 288 522 338 ns
547 286 888 338 areaunanonraus.

251 552 329 638 Cup.
345 553 393 616 16.
426 555 481 616 Aa
495 552 704 636 juramentum
728 550 937 636 immeritum
957 546 1118 634 pratitas

559 652 799 738 appellationes.

203 800 242 872 Si
267 800 344 893 quis
361 800 534 893 juraverit
551 823 589 870 se
611 810 786 871 staturum
800 799 970 892 judicatis
989 809 1029 871 et
1049 800 1204 872 delinitis

153 918 190 987 in
224 916 343 1009 aliquo
369 917 516 1011 judicio,
551 918 717 1008 quoniam
745 919 949 1008 juramenta
982 938 1126 1008 semper
1158 917 1202 988 ad
1220 928 1241 973 ¹1

152 1055 274 1104 causas
308 1033 473 1103 honestas
507 1032 747 1104 contrahenda
779 1042 863 1103 suut
897 1043 936 1104 et
966 1033 1205 1105 verisimiliter

152 1151 337 1244 cogitatas,
366 1150 446 1220 ideo
472 1150 501 1220 si
527 1150 679 1233 eveniat,
705 1158 746 1219 ut
773 1150 949 1221 sententia
974 1148 1032 1220 vel
1059 1150 1205 1222 manda·

153 1277 229 1337 turn
249 1266 381 1358 judicis
403 1275 440 1335 et
457 1265 652 1337 honestatis
670 1279 707 1337 et
718 1267 869 1359 justitiae
886 1267 1020 1338 limites
1042 1269 1204 1351 excedat,

152 1382 249 1454 licite
277 1383 337 1474 qui
359 1383 494 1473 juravit
526 1384 608 1455 inde
635 1393 754 1477 potest
782 1383 970 1477 appellare,
998 1406 1081 1454 oum
1108 1385 1204 1477 jura-

152 1509 315 1571 meutum
342 1499 384 1568 iis
407 1500 544 1570 casibus
564 1524 635 1571 non
653 1510 788 1595 urgeat.
832 1498 971 1571 Verum
988 1501 1017 1571 si
1042 1500 1111 1572 hoc
1133 1524 1203 1572 non

151 1616 300 1698 aecidat,
328 1637 392 1685 sua
422 1616 529 1708 ipsius
559 1619 789 1711 promissione
823 1618 1029 1712 astringitur
1057 1628 1099 1689 ut
1133 1642 1203 1689 non

153 1733 320 1826 appellet.

296 1941 374 2028 Gap.
392 1959 440 2025 17.
468 1939 510 2008 Ob
524 1951 691 2027 suspectum
706 1940 802 2005 houm
817 1940 884 2006 liost
897 1941 1063 2028 appellare.

204 2077 321 2151 Locus
335 2081 460 2173 judicii
485 2082 684 2165 exercendi,
702 2082 746 2153 ad
768 2105 874 2175 quem
890 2083 1005 2175 judex
1028 2084 1201 2165 citaverit,

153 2195 261 2266 debet
283 2219 361 2268 esse
384 2206 485 2267 tutus
505 2197 649 2268 domino
670 2207 708 2269 et
731 2199 894 2269 omuibus
913 2198 969 2269 his
990 2199 1051 2292 qui
1075 2222 1140 2292 pro
1159 2223 1201 2270 ec

151 2312 403 2397 interveniunt,
422 2323 463 2384 ut
485 2314 529 2384 ad
552 2312 669 2383 locum
688 2315 822 2405 possint
843 2315 893 2386 ire
914 2338 1048 2387 secure.
1101 2315 1200 2387 Alias

151 2429 329 2522 proposita
356 2430 567 2523 exceptione
598 2429 642 2501 de
672 2429 751 2502 loco
781 2440 945 2524 suspecto
975 2431 1087 2504 libere
1117 2432 1199 2504 lieet

150 2543 339 2636 appellare.

213 2752 289 2838 (lap.
306 2755 352 2816 18.
383 2753 460 2817 Tam
474 2754 508 2817 ia
523 2753 686 2837 torporibus
700 2776 791 2838 quarn
806 2757 840 2819 in
855 2755 1019 2821 minoritas
1033 2758 1135 2821 masis

551 2856 622 2921 lieet
634 2857 796 2943 appslhrs.

200 3003 248 3074 Et
282 3006 318 3073 in
355 3005 545 3096 majoribus
575 3014 613 3074 et
643 3007 678 3074 in
709 3007 903 3077 minoribus
933 3008 1046 3077 causis
1080 3008 1198 3100 appel·

149 3118 241 3190 laudi
270 3120 419 3190 facultas
444 3144 513 3190 non
538 3121 743 3215 denegetur.
797 3120 878 3192 Neo
898 3123 992 3192 enim
1008 3124 1124 3214 judex
1148 3125 1198 3193 in·

141 3237 272 3325 juriani
297 3237 362 3306 sibi
388 3237 461 3305 lieri
485 3237 595 3306 debet
619 3238 833 3322 existimare,
855 3261 896 3309 eo
924 3238 1017 3331 quod
1043 3238 1198 3334 litigator

147 3351 313 3443 appellat.
368 3352 461 3436 Quia
484 3355 662 3443 quantitas
684 3376 794 3423 causes
817 3377 888 3425 non
908 3355 1002 3438 facit,
1020 3379 1129 3447 quare
1153 3358 1197 3426 sit

146 3466 410 3559 appellandum,
428 3468 488 3538 sed
509 3471 667 3561 iniquum
685 3493 887 3563 gravamen.

199 3675 275 3759 Cap.
293 3697 341 3760 19.
370 3676 479 3745 Qualis
493 3699 585 3741 carna
601 3678 757 3741 reddendo
772 3677 813 3741 sit
827 3679 863 3740 in
877 3678 1141 3761 appellationibus.

196 3821 317 3904 Quum
342 3823 388 3892 sit
412 3835 514 3895 extre
531 3825 707 3914 judiciuin
731 3824 933 3918 appellatio,
953 3849 1057 3897 causa
1080 3838 1196 3921 potest

144 3937 322 4029 assignari,
342 3962 419 4028 quae
443 3940 488 4007 sit
513 3938 686 4030 generalis
709 3951 748 4010 et
769 3940 904 4008 incerta
930 3951 1093 4032 respectu
1121 3964 1195 4032 per·

145 4075 308 4121 sonarum
344 4076 404 4123 seu
439 4056 662 4147 gravaminis
698 4079 780 4125 oum
821 4057 883 4125 liat
923 4057 1112 4148 saepissime
1153 4057 1194 4125 de

144 4170 276 4249 futuro,
295 4170 387 4259 quod
411 4172 556 4240 minime
582 4182 700 4263 potest
720 4173 957 4243 determinate
981 4174 1071 4243 sciri.
1124 4173 1192 4244 Sed

144 4284 179 4352 in
198 4282 435 4375 appellatione
450 4287 623 4376 judiciali,
642 4289 784 4379 quando
810 4289 989 4359 reddenda
1006 4298 1061 4359 est
1079 4312 1191 4371 causa,
