2692 4800
145 290 218 356 230
484 302 533 355 nn
558 302 858 355 transnatamus

202 564 278 649 Cap.
291 581 340 628 22.
364 560 564 628 Probatiottea
579 561 712 730 {caza
725 562 773 629 ad
782 584 878 630 amat
890 562 1026 648 wan
1040 562 1140 629 what

583 667 629 731 ad
679 666 748 731 'ata

200 804 433 876 Probationcs
463 805 626 876 inductas
659 805 704 876 ad
735 826 846 875 unum
876 802 1049 877 affectum
1082 804 1194 878 haara

143 922 251 992 fidem
286 921 331 992 ad
368 920 476 991 alium
519 920 686 992 effectum
720 923 814 992 inter
852 920 998 992 casdem
1032 943 1196 1014 personas

145 1060 283 1131 aequum
308 1058 383 1109 essa
400 1037 612 1129 judicamus.

166 1243 244 1331 (lap.
257 1265 306 1330 23.
331 1243 490 1330 Allcqcati
504 1244 614 1310 satur·
626 1245 834 1331 iquorcoticm
846 1243 1016 1329 causacilo
1028 1244 1175 1311 cruditur.

194 1382 379 1477 Allaganti
413 1383 677 1454 constitutionis
708 1390 771 1453 aut
805 1384 932 1454 statuti
962 1383 1200 1477 ignorantiam

145 1522 215 1568 non
234 1507 289 1570 est
310 1500 534 1582 credendum,
553 1500 618 1570 nisi
639 1499 882 1592 probationem
900 1520 972 1569 suae
990 1498 1200 1595 ignorantia

145 1615 307 1698 adducat,
326 1624 389 1685 aut
415 1616 706 1708 praesumptiones
727 1613 957 1696 verisimiles3
993 1614 1125 1707 quibus
1143 1616 1201 1708 jn·

146 1734 214 1803 dex
235 1732 478 1826 (consideratis
501 1732 551 1802 rei
575 1741 613 1802 at
633 1754 793 1825 personae
814 1733 1106 1822 circumstantiis)
1124 1755 1201 1825 pos-

145 1850 191 1918 sit
226 1850 261 1918 in
292 1848 433 1941 planam
467 1848 712 1941 probationem
740 1849 907 1944 alleganti
943 1847 1199 1943 ignorantiam¹

138 1967 382 2058 juramentum
404 1963 554 2036 differre.

362 2173 440 2258 (lap.
455 2191 506 2256 24.
535 2171 686 2238 Prodatio
694 2195 756 2260 por
761 2173 980 2258 juramentum.

196 2321 349 2404 Quando
378 2320 509 2414 aliquid
542 2322 586 2391 ad
615 2322 865 2392 conscientiam
893 2321 1006 2394 solam
1032 2325 1197 2416 partinet.

146 2460 209 2529 per
219 2439 462 2528 juramentum
481 2436 683 2506 admittitur
698 2437 869 2529 probatio.

304 2642 382 2728 Cap.
395 2661 411 2703 2
413 2662 444 2729 5.
470 2644 647 2728 Aliqua-ado
663 2645 805 2729 napctica
818 2641 980 2728 probanda
995 2654 1047 2710 cst.

197 2789 258 2861 Ab
280 2815 320 2860 ea
345 2801 445 2883 parte
469 2816 549 2884 quae
571 2793 658 2863 dicit
681 2793 917 2863 adversarium
944 2814 1047 2863 snum
1067 2796 1114 2865 ab
1138 2794 1198 2865 ali·

148 2932 217 2998 quo
240 2908 322 2999 jure
355 2907 571 2999 prohibitum
603 2931 678 2978 essa
706 2908 847 3001 speciali
879 2907 958 3003 lege
987 2910 1042 2980 vel
1071 2913 1198 2981 consti-

148 3025 297 3106 tutione,
329 3024 362 3093 id
395 3025 532 3115 probari
568 3034 719 3117 oportct.
783 3023 882 3094 Idetn
914 3026 1197 3118 respondendnm

147 3149 213 3223 ast,
231 3141 256 3210 si
283 3141 360 3231 quis
387 3148 492 3233 nogat
518 3140 650 3233 aliquid
674 3150 770 3212 tacta
792 3141 936 3220 factum,
955 3141 1092 3233 ipsu1n²
1117 3166 1199 3236 prae·

149 3266 241 3326 stara
260 3255 389 3325 debere
407 3257 660 3347 probationum.

407 3464 485 3548 Cap.
501 3466 550 3528 26.
575 3464 781 3550 Antiquitatis
789 3462 941 3552 probatio.

200 3592 242 3662 ln
274 3594 400 3664 linibus
431 3618 471 3665 ao
498 3596 602 3666 rebus
632 3597 785 3688 antiquis
811 3596 1009 3689 probandis,
1037 3596 1133 3669 fama
1159 3620 1197 3669 ac

149 3718 258 3778 testes
293 3709 337 3778 da
372 3710 505 3793 auditu,
537 3710 687 3804 librique
720 3712 856 3803 antiqui
891 3712 967 3783 sine
1002 3715 1195 3805 suspicions

148 3825 265 3919 aliqua
287 3826 449 3908 coniecti,
467 3829 646 3909 custoditi,
665 3840 701 3898 et
720 3829 860 3922 reperti,
879 3838 1027 3921 possunt
1038 3830 1193 3921 judicem
1214 3870 1241 3898 ..¹

149 3944 192 4012 ad
219 3943 466 4014 credulitatem
486 3945 671 4026 adducere,
690 3955 730 4015 ut
752 3953 849 4015 recte
871 3968 932 4036 pro
954 3947 1004 4016 sic
1027 3947 1241 4039 probante:

150 4059 362 4129 sententiam
393 4060 492 4137 ferat
520 4061 585 4131 nisi
614 4063 770 4133 adversas
801 4063 909 4154 partis
936 4063 1098 4134 fortiores
1124 4088 1241 4157 pro—

151 4174 309 4244 bationes
327 4173 421 4244 aliud
441 4176 631 4266 requirant.

367 4311 374 4350 ¹
392 4317 608 4391 ignorationem.
855 4315 868 4359 '2
883 4317 983 4392 ipsam.
