2692 4800
582 318 630 367 ue
656 318 750 369 sine.
1119 304 1192 376 237

194 633 273 719 Gap.
288 653 337 719 19.
364 631 536 716 Scriptoaab
550 628 731 694 authent-icit
744 627 1015 711 detrahiturfider,
1028 630 1057 694 si
1071 652 1150 695 unas

463 755 500 796 ea
514 729 633 796 restitus
647 730 875 795 contradixerat.

193 882 327 977 Sigillis
360 883 584 965 authenticis,
609 905 650 951 ae
680 882 922 951 instrumentis
956 881 1083 974 quibus
1117 885 1193 976 ipsa

144 997 392 1090 appenduntur
421 1020 484 1067 seu
513 997 736 1078 adhibentur,
760 1006 963 1067 consuetam
995 998 1101 1067 fidem
1132 1022 1193 1068 vo-

145 1113 263 1185 lumus
292 1110 480 1197 adhiberi¹‚
510 1113 623 1183 donee
654 1134 716 1203 per
749 1110 972 1202 probationes
1001 1115 1193 1183 contrarias

144 1231 399 1324 reprobentur;
429 1230 626 1320 meritoque
654 1228 740 1298 fides
766 1226 859 1297 illius
882 1229 1107 1299 instrumenti
1136 1252 1193 1301 va·

145 1347 291 1432 oillabit,
308 1350 364 1419 cui
383 1346 440 1418 vel
464 1371 554 1417 unus
578 1348 677 1417 testis
699 1348 734 1415 in
751 1346 876 1417 eodem
895 1347 1089 1440 descriptus
1109 1372 1193 1419 eon-

145 1466 342 1537 tradixerit.

166 1723 302 1810 Oapmo.
325 1723 535 1789 Adversarius
548 1742 608 1786 noo
623 1731 665 1787 est
679 1721 826 1808 rependas
840 1723 875 1786 in
890 1723 1021 1787 nardium
1031 1723 1175 1808 proferro

486 1825 568 1911 qnod
579 1835 684 1889 eontra
699 1847 730 1889 aa
736 1825 851 1911 faciat.

193 1979 323 2051 Actori
353 1977 620 2050 deliberandum
649 1987 703 2049 est
732 1988 920 2070 autequam
950 1986 1041 2071 agat,
1067 1979 1195 2071 quibus

146 2095 411 2189 probationibus
440 2096 494 2165 uti
521 2092 682 2173 voluerit,
710 2095 839 2164 frustra
866 2102 1128 2186 expectaturus,
1153 2105 1195 2165 ut

146 2213 363 2284 adversarius
396 2234 479 2282 suus
513 2220 662 2304 cogatur
694 2209 838 2302 aliquid,
872 2210 966 2302 quod
1001 2219 1124 2281 eontra
1157 2234 1195 2282 so

145 2329 264 2410 faeiat,
281 2330 318 2399 in
341 2327 498 2397 medium
516 2327 683 2420 proferre.
736 2325 904 2395 Civilium
929 2336 1047 2396 tamen
1074 2325 1193 2421 legum

145 2444 376 2539 dispositioni,
403 2444 518 2535 quoad
553 2445 868 2512 instrumentorum
902 2444 1105 2526 editionem,
1132 2466 1195 2536 per

145 2562 236 2632 hano
255 2560 371 2653 legem
389 2558 553 2629 nolumus
570 2558 739 2652 derogari.

394 2830 471 2916 Cap.
486 2848 536 2894 ai.
559 2827 788 2894 veratioribus
802 2828 946 2914 destructi.

196 2979 369 3050 Rationes
387 2978 558 3060 defuncti,
576 3001 653 3070 quae
677 2976 832 3047 inbonis
855 2978 931 3069 ejus
955 2978 1194 3065 inveniuntur,

145 3097 190 3167 ad
209 3094 453 3188 probationem
474 3093 540 3164 sibi
558 3093 688 3163 debitae
706 3093 915 3185 quantitatis
935 3092 1017 3164 solae
1034 3093 1194 3166 sufficere

145 3235 217 3282 non
247 3220 402 3304 possunt,
420 3232 487 3279 nee
516 3211 625 3280 etiam
651 3211 680 3279 si
707 3211 743 3279 in
768 3209 897 3280 ultima
924 3209 1108 3283 voluntate
1134 3213 1195 3283 de·

145 3328 291 3399 functus
313 3337 446 3398 eertum
468 3329 627 3420 pecuniae
653 3327 889 3419 quantitatem
915 3337 978 3398 aut
1004 3328 1112 3398 etiam
1139 3352 1194 3399 res

146 3455 261 3518 certas
278 3445 345 3516 sibi
369 3440 509 3515 deberi2
526 3444 745 3538 significavit.

394 3666 401 3704 ¹
417 3654 558 3712 adhibere.
828 3656 841 3695 ²
854 3652 950 3710 deleri.
