2692 4800
390 324 442 375 un
466 321 734 374 nocuususmcx
756 320 960 372 susurrem.
1150 300 1194 372 61

149 485 386 559 assumentur,
416 485 455 546 et
487 475 596 545 etiaul
627 472 673 542 ab
705 462 869 543 omuibus
902 471 980 543 aliis
1013 471 1198 543 submove·

150 593 293 664 buntur.

191 797 273 883 (lep.
289 798 321 861 6.
341 795 404 861 Jus
417 792 872 880 dmipmtimisepotronoad
884 813 956 879 quos
970 791 1178 858 &commun

200 924 354 1011 Quoties
381 933 550 1017 patronus
579 923 830 1018 designationis
851 924 912 1016 jus
938 925 1082 1008 emittit,
1108 924 1197 997 illud

149 1046 187 1117 in
215 1043 422 1138 episcopum
451 1041 600 1111 transire
630 1040 756 1133 placet,
783 1041 844 1133 qui
870 1043 983 1134 spatio
1011 1064 1075 1112 sex
1100 1065 1200 1114 meu-

149 1163 244 1233 sium
267 1160 298 1231 si
321 1157 521 1252 neglexerit
542 1157 579 1227 in
602 1179 753 1227 vacuum
773 1157 1008 1229 sacerdotium
1032 1158 1198 1231 idoneum

149 1276 308 1369 aliquem
334 1275 525 1368 imponere,
544 1273 605 1364 jus
628 1273 665 1342 in
688 1272 989 1366 archiepiscopum
1013 1274 1199 1345 transfere-

150 1403 233 1476 tnr;
260 1391 321 1484 qui
342 1412 407 1461 sex
423 1388 603 1460 mensibus
621 1392 657 1483 (a
673 1412 744 1481 quo
762 1399 921 1481 tempore
939 1392 1068 1460 certior
1084 1391 1199 1463 factus

151 1512 223 1604 est)
250 1507 314 1578 illo
342 1507 424 1599 jure
457 1507 486 1576 si
521 1528 592 1576 uon
626 1516 759 1588 utatur,
790 1528 855 1575 uos
888 1505 975 1578 illud
1005 1509 1071 1600 ipsi
1099 1509 1200 1579 uobis

151 1646 345 1699 sumemus.
396 1623 502 1695 Etsi
529 1622 630 1693 nobis
655 1623 775 1705 etiem,
797 1645 843 1694 ex
869 1647 939 1716 quo
964 1623 1001 1694 id
1027 1625 1200 1711 novimus,

151 1766 216 1815 sex
251 1762 392 1812 meuses
426 1738 628 1810 effluxerint
661 1740 898 1810 secerdotium
939 1763 1089 1812 vacuum
1130 1764 1200 1812 uon

152 1857 421 1939 collocantibus,
454 1856 500 1926 ad
533 1865 721 1948 patronum
756 1878 874 1927 rursus
909 1856 970 1948 jus
1004 1880 1108 1928 suum
1141 1858 1203 1929 de·

153 1975 330 2059 volvetur,
345 1983 384 2044 et
400 1973 451 2043 sic
467 1973 505 2042 in
522 1971 648 2042 eodem
666 1993 805 2064 semper
821 1971 906 2042 orbe
923 1971 1203 2055 circumferatur,

153 2091 224 2163 illis
251 2112 339 2184 quas
367 2088 626 2159 nominavimus
653 2089 810 2180 personis
836 2096 962 2159 mutuo
987 2088 1053 2159 sibi
1083 2110 1203 2159 sucee-

154 2206 334 2287 dentibus.
365 2204 478 2274 donec
511 2201 656 2273 taudem
685 2201 811 2294 aliquis
840 2225 964 2272 eorum
997 2204 1203 2296 praescripto

155 2336 322 2415 tempore
332 2319 394 2411 jus
410 2316 651 2388 collocationis
665 2325 871 2409 exequatur.

388 2580 468 2666 Cap.
484 2594 514 2662 7.
532 2578 701 2665 Omnitores
715 2577 898 2645 adhibendos
911 2601 980 2646 esse.

207 2703 388 2790 Quoniam
411 2700 663 2795 explorandam
687 2723 763 2773 esse
786 2703 940 2773 diximus
962 2712 1001 2775 et
1023 2707 1206 2777 excutien-

156 2822 237 2893 dam
273 2819 415 2891 illorum
446 2817 642 2888 doctrinam
673 2827 711 2888 et
745 2818 968 2912 probitatem,
999 2823 1060 2914 qui
1093 2845 1206 2895 moer.

157 2939 334 3010 dotiorum
366 2933 555 3027 participes
584 2942 699 3018 erunt,
729 2937 883 3028 primum
913 2939 1097 3032 episcopus
1131 2942 1207 3034 ipse

157 3063 274 3124 certos
299 3051 499 3147 cognitores
525 3050 655 3145 eligat;
687 3053 815 3123 deinde
837 3055 1002 3145 quoniam
1024 3055 1098 3126 haeo
1121 3080 1207 3129 cura

157 3168 345 3263 peculiaris
369 3166 694 3238 archidiaconorum
720 3190 796 3239 esse
822 3169 941 3254 debet,
964 3170 1044 3244 illos
1069 3173 1105 3243 iu
1124 3174 1207 3266 jure

157 3309 222 3358 suo
247 3284 413 3356 nolumus
439 3281 675 3376 interpellare,
692 3285 754 3354 sed
771 3285 973 3356 universum
996 3287 1064 3358 hoc
1086 3291 1258 3409 cogni·30

158 3402 264 3474 tionis
285 3399 469 3493 negotium
487 3397 556 3468 illis
572 3398 834 3470 informandum
857 3410 894 3471 et
918 3406 1206 3495 pertractandum

158 3517 409 3611 relinquimus;
435 3515 503 3585 hoc
519 3515 661 3585 iuterim
679 3517 828 3608 proviso,
847 3517 999 3614 collegas
1015 3531 1058 3593 ut
1079 3535 1207 3595 vocent

158 3638 202 3709 ed
228 3658 280 3718 se,
306 3656 395 3726 quos
421 3633 607 3725 episcopus
631 3634 831 3727 cognitores
856 3635 1100 3731 designaverit,
1121 3663 1208 3733 quo-

158 3772 238 3821 rum
255 3753 439 3843 perspectu
455 3743 584 3817 inerit¹
602 3747 717 3841 gravis
737 3771 875 3820 morum
896 3751 1090 3846 integritus,
1108 3765 1147 3827 et
1169 3758 1206 3830 iu

159 3866 288 3961 quibus
305 3884 480 3935 sacrorum
499 3859 758 3956 Scripturarum
777 3866 924 3939 scientia
940 3892 1022 3940 cum
1040 3893 1107 3942 usu
1123 3896 1207 3944 con·

153 3985 281 4076 juncte
298 3980 355 4062 sit,
368 3987 405 4049 et
418 3979 545 4072 peritia
560 3981 864 4074 gubemaudarum
883 3985 1121 4059 ecclesiarum.
1157 3991 1206 4062 Et

161 4102 268 4172 etiam
299 4095 504 4188 episcopum
534 4094 569 4168 in
601 4096 722 4188 primis
752 4099 907 4191 optabile
937 4113 992 4175 est
1020 4105 1133 4198 ipsum
1160 4104 1205 4195 (si

654 4316 661 4355 ¹
676 4318 738 4379 fuis
