2692 4800
506 329 555 381 nn
579 328 834 381 rssrusnrrs
1121 311 1193 387 149

146 508 285 559 menses
302 508 325 557 a
338 483 543 555 testamenti
556 482 808 575 approbatione
821 481 1045 562 tardaverint,
1059 478 1194 572 episco-

145 625 209 696 pus
229 609 295 674 aut
321 600 516 671 ordinarius
532 597 849 669 ecclesiasticarum
868 595 1086 669 authoritate
1111 616 1240 684 cen-71

147 740 303 795 surarum
317 717 517 787 universam
531 738 602 785 non
615 713 730 786 solum
744 722 887 794 sortem,
901 712 962 785 sed
976 711 1193 785 accessiones

147 835 253 915 etiarn
271 854 501 926 quascunque
526 830 737 924 comportari
763 838 874 911 curet,
891 828 991 900 etad
1015 825 1194 899 testatoris

148 947 367 1023 voluntatem
392 946 661 1030 accommodari,
687 946 752 1016 nisi
779 954 920 1038 tempus
946 942 1193 1017 solvendorum

145 1064 345 1160 legatorum
362 1065 400 1135 in
417 1071 631 1135 testamento
648 1061 779 1132 diserte
796 1061 843 1132 sit
859 1081 1076 1153 expressum.

160 1293 235 1380 Gap.
253 1296 304 1359 26.
326 1292 465 1357 Moriens
479 1290 645 1377 lopctcrias
659 1291 780 1376 qnando
794 1289 922 1377 ispotm
937 1287 1116 1354 transmittit
1130 1287 1175 1353 ad

591 1392 747 1459 torem

197 1530 392 1627 Postquam
418 1557 475 1607 res
495 1533 614 1628 legata
631 1534 752 1605 deberi
769 1534 888 1625 coepit,
906 1533 935 1604 si
961 1533 1151 1627 legatarius
1174 1554 1195 1601 e

150 1650 222 1721 sits
250 1652 347 1743 prius
370 1651 522 1723 excedat
548 1672 655 1742 quam
680 1648 863 1721 hareditas
892 1650 988 1720 adita
1013 1648 1131 1730 fuerit,
1157 1647 1193 1717 in

151 1763 256 1859 legati
271 1766 332 1858 jus
354 1766 464 1837 hares
487 1764 647 1858 legatarii
668 1763 846 1835 succedet.
900 1763 971 1834 Sed
998 1786 1052 1834 res
1079 1763 1196 1857 legata

151 1880 239 1949 tradi
266 1903 337 1950 non
364 1887 493 1973 potest,
524 1880 635 1949 donec
667 1886 919 1951 testamentum
949 1900 1013 1971 per
1034 1877 1195 1970 judicem

151 1996 387 2066 confirmetur.

251 2206 329 2292 cap.
342 2222 393 2290 27.
419 2205 548 2291 Quando
562 2204 692 2291 lepotum
707 2203 745 2268 ab
759 2205 879 2270 boerodo
891 2226 950 2270 non
963 2206 1099 2271 minuar.

198 2342 325 2417 Hares
340 2345 552 2419 necessitate
568 2343 744 2415 solvenda
757 2346 807 2415 rei
821 2342 946 2438 legatae
959 2367 1030 2415 non
1043 2352 1197 2427 tenetur,

150 2482 257 2555 quum
281 2482 335 2545 ea,
352 2460 543 2535 donatione
565 2459 737 2554 legatario
753 2461 907 2553 primurn
924 2460 1118 2541 obveniens
1135 2467 1199 2531 ant

103 2585 106 2590 ’
149 2576 222 2649 ulls
245 2575 384 2649 lucrosa
405 2599 523 2661 causa
541 2583 622 2669 post
641 2577 679 2646 in
699 2575 859 2668 ejusdem
882 2574 1041 2671 legatarii
1065 2598 1200 2669 posses·

148 2693 246 2765 sione
270 2692 487 2779 collocetur3
521 2715 587 2763 nec
612 2692 709 2764 enirn
733 2691 846 2763 bisin
872 2695 1000 2765 eodem
1026 2692 1198 2764 beneficio

148 2810 332 2903 quisquam
356 2809 513 2903 murari
538 2809 667 2881 debet:
694 2809 756 2881 sed
781 2831 887 2902 quam
910 2832 987 2881 rem
1010 2808 1199 2903 legatarius

147 2935 231 2999 ante
264 2926 379 3020 pretio
413 2934 679 3019 comparaverat
688 2921 711 3008 ¹,
738 2948 815 2996 eam
846 2926 875 2997 si
901 2926 1047 3018 dernpto
1084 2924 1199 3018 pretio

149 3050 300 3115 testator
324 3042 517 3127 donaverit,
543 3044 619 3136 ejus
646 3041 931 3113 benevolentiam
962 3042 1098 3135 emptio
1128 3064 1200 3113 non

149 3160 311 3254 impedit,
327 3160 493 3253 quoniam
511 3160 548 3231 in
566 3182 609 3231 ca
625 3181 696 3230 non
720 3157 859 3228 lucrum
884 3158 946 3231 sed
973 3180 1063 3230 onus
1087 3158 1200 3231 inesse

149 3276 300 3347 videtur.

370 3430 449 3517 Gap.
466 3432 517 3496 28.
544 3430 672 3511 Quom
688 3431 786 3517 hyatu
799 3450 859 3493 non
874 3427 983 3493 oolam.

199 3567 337 3663 Legata
365 3567 482 3639 valere
510 3592 581 3640 non
608 3579 755 3661 possunt
784 3590 851 3637 nec
876 3567 1031 3661 praestari
1058 3566 1200 3649 debent,

150 3707 260 3779 quum
285 3683 476 3779 legatarius
501 3708 523 3756 a
543 3685 723 3756 testatoris
749 3683 928 3777 proposito
954 3682 1112 3764 recedit;
1138 3693 1201 3753 aut

149 3800 351 3872 siconditio
374 3822 446 3872 non
470 3801 631 3871 extiterit
648 3801 692 3870 ad
709 3821 817 3892 quam
842 3797 1002 3893 legatum
1027 3798 1202 3872 refereba-

150 3926 230 4001 tur3
260 3925 325 3988 ant
350 3917 426 4010 ipsa
450 3918 479 3988 si
506 3915 623 4010 legata
644 3938 856 4010 quocunque
877 3938 960 3986 casu
978 3915 1035 3986 rel
1056 3915 1203 3987 fortuita

150 4031 353 4104 calamitate
388 4033 486 4127 prins
526 4031 673 4104 effluant
716 4042 754 4102 et
797 4030 1060 4125 colliquescant,
1095 4053 1201 4125 quam

150 4149 336 4221 hereditas
361 4150 532 4233 adeatnr;
570 4158 634 4221 aut
658 4149 687 4220 si
714 4147 833 4243 legata
855 4149 986 4219 fuerint
1012 4171 1090 4242 quae
1116 4147 1202 4220 aedi·

150 4266 237 4338 ficiis
261 4276 345 4339 sunt
371 4268 568 4360 conjuncta,
586 4267 653 4339 nisi
672 4265 728 4337 vel
749 4272 916 4337 corruant
933 4263 990 4336 vel
1014 4265 1201 4337 diruantur

151 4383 307 4454 aedificia

548 4488 557 4529 ¹
573 4481 794 4562 comparaverit.
