2692 4800
487 344 535 394 ns
561 345 714 395 naeuus
739 347 849 397 sums.
1121 334 1193 399 323

147 491 264 563 Usura
287 495 444 585 pecuniae
470 496 646 566 infructu
671 521 740 567 non
766 509 831 582 est,
848 502 930 591 quia
955 524 1024 569 non
1051 522 1096 569 ex
1121 502 1196 592 ipso

195 632 350 702 corpore,
368 611 428 680 sed
447 634 492 680 ex
516 611 584 682 alia
606 636 711 683 causa
735 624 800 696 est,
819 616 854 685 id
872 626 936 698 est,
954 639 1000 686 ex
1026 639 1117 686 nova
1135 617 1197 686 ob-

197 725 377 819 ligatione.

147 844 217 926 Qui
244 843 529 941 moriorquique
546 843 695 913 abortivi
712 854 797 915 ante
822 846 1013 937 septimum
1038 868 1194 916 mensem

194 968 257 1029 aut
285 970 450 1029 octavum
483 971 684 1042 nascuntur,
716 984 830 1052 neque
865 964 938 1031 nati
973 985 1089 1054 neque
1118 986 1197 1054 pro-

195 1077 303 1146 creati
327 1075 502 1145 videntur.

147 1191 200 1262 Ea
233 1190 361 1261 mulier
394 1192 550 1261 creditur
580 1193 691 1261 lilium
722 1193 851 1264 habere
883 1217 963 1263 curn
995 1195 1192 1278 moriretur,

194 1304 290 1399 quae¹
318 1308 437 1377 exciso
466 1317 588 1378 ventre
614 1308 718 1376 edere
744 1310 880 1401 possit3
916 1321 1035 1379 tamen
1063 1308 1191 1378 falsum

196 1433 251 1494 est
268 1446 346 1494 eam
366 1426 553 1516 peperisse,
573 1424 628 1492 cui
648 1434 795 1493 mortuae
812 1424 906 1495 filius
923 1440 1088 1495 exsectus
1105 1435 1169 1494 est.

147 1539 313 1609 Hominis
330 1539 567 1632 appellatione
585 1549 658 1608 tom
676 1539 854 1610 foeminam
874 1564 979 1631 quam
1000 1539 1193 1611 masculum

195 1657 368 1726 contineri
386 1679 456 1726 non
475 1656 668 1726 dubitatur.

146 1770 253 1841 Pueri
270 1772 507 1864 appellatione
526 1773 633 1842 etiam
652 1771 772 1862 puella
789 1772 1015 1865 significatur.

144 1886 338 1958 Solutionis
364 1887 472 1959 verbo
498 1887 772 1957 satisfactionem
801 1911 942 1980 quoque
972 1911 1113 1958 ornnem
1139 1911 1196 1958 ac-

194 2005 394 2096 cipiendam
430 2003 556 2096 placet,
591 2026 695 2094 quam
731 2004 885 2074 creditor
918 2013 1102 2097 acceptare
1135 2027 1195 2074 vo-

196 2120 313 2190 luerit.

145 2236 216 2321 Qui
244 2237 281 2305 iu
308 2245 411 2307 utero
441 2247 504 2316 eat,
535 2259 598 2328 pro
623 2237 697 2327 jam
730 2246 814 2306 nato
846 2235 1006 2318 habetur,
1036 2260 1117 2305 cum
1150 2237 1195 2305 de

195 2353 303 2445 ipsius
326 2353 514 2422 commodo
538 2353 716 2443 quaeritur.

145 2468 295 2539 Duobus
325 2470 496 2562 negativis
529 2469 641 2537 verbis
668 2468 764 2558 quasi
797 2469 973 2560 permittit
999 2467 1056 2537 lex
1084 2471 1195 2561 magis

194 2606 301 2676 quam
326 2584 500 2676 prohibet.

99 2733 111 2764 2.
144 2699 253 2793 Sylva
275 2701 395 2770 caedua
417 2709 480 2779 est,
500 2724 579 2790 quae
605 2701 641 2767 in
665 2698 732 2768 hoc
759 2698 909 2769 habetur
939 2711 979 2767 ut
1008 2698 1194 2782 cadatur&

193 2828 231 2885 et
256 2840 332 2907 quea
358 2817 492 2885 succisa
522 2837 639 2883 rursus
666 2837 711 2883 ex
738 2813 904 2906 stirpibus
929 2825 990 2884 aut
1018 2814 1194 2884 radicibus

195 2935 401 3002 renascitur.

142 3048 365 3119 Authentica
386 3048 501 3142 sigilla
524 3047 742 3117 declaramus
767 3055 895 3126 nostra,
914 3045 1193 3137 archiepiscopo-

193 3187 281 3244 rum,
300 3165 555 3256 episcoporum‚
578 3164 803 3240 decanorum,
822 3160 1047 3231 ecclesiarum
1072 3160 1194 3232 cathe-

194 3279 344 3349 dralium
378 3291 416 3348 et
451 3280 643 3350 earundem
680 3277 907 3348 ecclesiarum
946 3276 1192 3368 capitulorum,

192 3395 530 3476 archidiaconorum,
573 3404 610 3464 et
652 3416 774 3463 eorum
818 3392 1029 3462 officialium.
1100 3392 1192 3476 Quae

193 3533 301 3603 penes
331 3513 423 3604 ipsos
453 3521 516 3581 aut
544 3511 700 3603 ipsorum
728 3508 905 3601 legitimos
930 3507 1128 3598 deputatos,
1156 3517 1194 3577 et

193 3625 291 3697 nullo
321 3629 427 3698 modo
460 3627 554 3720 apud
584 3648 664 3696 suos
694 3626 911 3719 registrarios
940 3646 1001 3695 seu
1033 3634 1192 3694 actorum

196 3743 335 3826 scribae,
360 3743 527 3814 custodiri
555 3743 726 3812 volumus.

430 3901 436 3939 ¹
454 3906 511 3979 qui.
758 3898 771 3935 ²
785 3905 909 3961 cedatur.
