2692 4800
508 309 552 359 nr
579 309 625 359 nn
650 308 840 361 Jusrcnrr.
1126 294 1196 368 291

150 461 232 534 talis
257 462 304 533 sit
321 483 430 544 casus,
448 462 494 531 de
512 485 583 554 quo
600 462 708 533 verbo
734 473 838 532 tenus
860 462 992 556 absque
1018 461 1199 533 breviculo

149 579 258 650 liceat
274 579 516 672 pronunciare.

200 694 242 766 Si
267 693 311 766 lis
333 695 462 766 debeat
482 718 546 787 per
565 696 779 765 sententiam
800 695 915 765 dirimi
938 695 1032 765 inter
1052 703 1200 766 conteu-

150 812 286 896 dentes,
303 831 447 883 necesse
464 822 520 881 est
535 811 612 904 ejus
635 813 830 882 orationem
852 834 924 881 non
944 833 1020 882 esse
1041 811 1200 906 exegeti-

149 944 238 1010 caui,
272 928 335 998 sed
370 927 587 999 definitivam
631 935 668 997 et
703 928 919 998 decisoriam.
982 926 1092 997 Porro
1126 945 1198 997 non

148 1042 279 1115 sufficit
301 1045 515 1115 sententiam
534 1066 609 1114 esse
633 1042 896 1127 absolutorium,
913 1040 970 1113 vel
987 1043 1201 1113 condemna·

149 1161 287 1243 teriam,
305 1160 372 1231 nisi
399 1160 434 1230 in
454 1176 498 1231 ea
519 1161 628 1230 etiam
647 1162 776 1230 diserte
801 1182 857 1230 res
882 1160 1136 1252 exprimantur,
1153 1158 1199 1229 ad

150 1299 236 1369 quas
261 1278 474 1370 praestandas
497 1287 559 1347 aut
581 1276 742 1347 ferendas
768 1299 868 1346 reum
895 1274 1118 1358 condemnet,
1136 1285 1199 1346 aut

148 1391 317 1485 aquibus
337 1414 419 1462 eum
437 1390 575 1463 libaret.
627 1390 693 1462 Est
715 1393 810 1463 enim
830 1392 942 1483 judici
970 1390 1116 1462 omnino
1141 1414 1200 1462 eo·

148 1490 317 1589 nandum,
335 1515 497 1598 utquam
521 1505 595 1576 fleri
620 1509 741 1599 possit,
767 1509 981 1579 seutentiam
1007 1507 1099 1578 ferat
1124 1529 1200 1579 cer·

148 1631 235 1706 tam,
260 1631 299 1694 et
323 1623 496 1716 precipue
521 1622 715 1693 secundum
743 1623 853 1694 libelli
880 1624 1089 1718 petitionem
1117 1624 1199 1695 dirl-

148 1736 264 1830 genda
281 1745 337 1805 est
353 1736 531 1806 certitudo
548 1740 743 1808 sententiae.

199 1850 400 1924 Vitandum
418 1875 558 1945 quoque
576 1862 631 1923 est
652 1855 787 1925 ratione
808 1855 1042 1938 certitudinis,
1060 1879 1138 1949 quae
1161 1859 1199 1929 iu

149 1991 332 2040 earrsamm
351 1969 529 2041 decisione
546 1971 747 2062 requiritur,
764 1993 810 2040 ne
831 1972 1008 2042 sententia
1031 1972 1098 2043 sub
1115 1995 1199 2046 eou-

148 2083 283 2155 ditione
309 2085 453 2155 feratur.
506 2083 632 2178 Operae
655 2086 808 2177 pretium
833 2108 905 2155 non
932 2095 1053 2157 estut
1081 2110 1197 2173 causa,

148 2224 225 2294 quoe
244 2200 404 2292 judicem
420 2209 542 2271 movet
559 2210 601 2269 ut
618 2200 830 2271 sententiam
849 2201 949 2282 ferat,
967 2203 1002 2271 in
1022 2205 1200 2275 sententia

148 2319 377 2412 exprimatur.
428 2315 567 2388 Vemm
585 2318 612 2386 si
632 2326 775 2409 propter
791 2318 1066 2409 ineptitudinem
1085 2317 1197 2389 libelli

147 2431 218 2505 lata
234 2434 281 2504 sit
297 2433 482 2514 sententia,
502 2442 587 2503 tunc
605 2455 748 2503 neeesse
765 2441 820 2502 est
837 2441 878 2502 ut
896 2456 1003 2503 causa
1025 2434 1197 2528 ineptitu-

148 2551 238 2621 dinis
262 2552 446 2622 sententie
468 2552 654 2634 inseratur,
679 2573 749 2643 qua
774 2573 854 2621 reus
880 2552 925 2622 ab
950 2552 1119 2623 instantia
1138 2553 1198 2645 ju·

147 2666 230 2738 dieii
262 2665 474 2737 absolvatur.
537 2666 609 2737 Sed
643 2675 763 2736 tamen
797 2676 853 2737 est
888 2668 1123 2737 necessarium
1159 2669 1196 2737 in

147 2806 252 2854 causa
276 2779 551 2875 appellationis¹,
569 2793 611 2852 ut
630 2783 756 2874 judex,
774 2781 818 2852 ad
843 2805 950 2874 quem
976 2782 1195 2875 appellatum

147 2910 210 2980 est,
228 2922 368 2992 semper
384 2901 515 2969 inserat
532 2921 672 2969 causam
692 2900 726 2968 in
746 2899 933 2969 sententia.
986 2898 1082 2969 Nam
1098 2900 1196 2992 judi·

147 3039 226 3087 care
252 3037 335 3085 eum
360 3024 510 3107 oportet,
529 3039 635 3107 quare
659 3015 765 3085 latam
794 3017 1010 3088 sententiam
1035 3015 1081 3086 ab
1106 3015 1196 3086 infe-

147 3132 226 3203 riori
238 3131 361 3224 judice
379 3130 435 3201 vel
453 3131 625 3223 approbet
644 3129 698 3200 vel
716 3132 905 3224 improbet.

419 3343 498 3429 (lap.
512 3365 541 3428 7.
565 3346 792 3410 sestertiorum
807 3345 924 3430 speeies

191 3480 327 3556 Forma
349 3485 603 3555 sententiarum
621 3483 777 3577 generali
795 3482 967 3562 absoluta,
985 3479 1128 3554 taudem
1148 3485 1193 3554 ad

145 3603 399 3673 sententiarum
423 3602 558 3693 species
581 3609 636 3670 est
659 3600 955 3682 descendendum,
977 3610 1015 3669 et
1037 3602 1192 3693 primum

145 3716 189 3786 de
218 3714 514 3807 interloquutoria
541 3726 596 3785 est
623 3715 897 3794 decernendum,
928 3716 1012 3806 quia
1037 3714 1081 3785 ad
1113 3738 1192 3787 eam

144 3831 267 3901 ordine
283 3831 495 3924 pmcedendi
514 3831 550 3900 in
568 3831 681 3901 causis
698 3831 793 3923 prius
810 3830 1025 3922 pervenitur.

353 4043 431 4128 Cap.
449 4044 477 4107 8.
502 4044 550 4107 De
563 4043 708 4107 sententio
723 4041 982 4128 interloquutorm.

194 4183 416 4255 Sententiam
443 4185 552 4278 igitur
573 4184 900 4276 interloquutoriam
928 4206 1007 4254 eam
1033 4206 1109 4253 esse
1131 4184 1192 4255 de·

546 4317 551 4355 ¹
569 4325 790 4400 approbationis,

637 4429 703 4494 u2
