2692 4800
388 321 438 371 an
463 319 731 371 scenasmsrrca
758 319 963 370 nauantem.
1150 298 1197 374 67

146 475 307 545 muneris
342 475 569 547 ecclesiastici
606 475 810 546 facultatem
843 473 899 544 vel
935 473 1078 542 omnino
1111 472 1202 564 peri·

148 600 263 674 munt,
291 592 369 662 vel¹
402 591 507 685 plane
535 604 778 684 corrumpunt,
804 600 846 660 ut
873 591 1012 660 cacitas
1041 587 1202 659 lectionis

147 707 304 779 officium
333 707 440 790 tollit,
464 710 508 779 ad
536 709 631 800 quod
657 707 789 779 Paulus
812 706 1038 777 Timotheum
1064 706 1199 776 incitat.

149 825 289 897 Rursus
312 828 350 897 in
371 828 531 898 ministro
556 830 584 898 si
608 827 729 922 lingua
754 828 804 896 sic
828 825 1043 907 titubaverit,
1062 824 1117 895 vel
1141 821 1201 895 ad·

147 941 302 1026 haeserit,
326 942 382 1014 vel
404 966 613 1036 quacunque
639 941 841 1012 calamitate
867 947 1052 1032 tantopere
1078 939 1202 1010 vitiata

147 1058 270 1142 fuerit,
297 1068 338 1129 ut
369 1061 405 1130 in
434 1061 647 1131 conciones
676 1059 747 1128 suis
780 1079 850 1126 non
881 1051 1011 1148 possit²
1039 1054 1201 1150 intelligi,

147 1175 307 1247 fructum
321 1177 356 1245 in
371 1175 433 1246 illo
445 1176 641 1245 maximum
659 1176 711 1244 sui
727 1174 884 1243 muneris
897 1174 1044 1243 interire
1058 1195 1202 1243 necesse

147 1301 216 1362 est
270 1290 444 1362 Praeterea
469 1293 498 1361 si
522 1290 623 1361 vultu
649 1291 811 1361 minister
836 1291 885 1360 sic
910 1287 1201 1381 distorqueatur3,

146 1407 237 1479 arrt⁴
253 1409 416 1501 spiritum
429 1408 517 1478 adeo
531 1417 664 1477 tetrum
681 1406 811 1477 habeat
826 1414 863 1477 et
880 1407 1147 1498 asrremabilcm,
1160 1415 1202 1479 ut

147 1526 313 1596 homines
329 1525 374 1596 ab
388 1525 482 1595 illius
499 1525 756 1595 consuetudine
769 1522 1017 1615 colloquioque
1031 1523 1201 1607 resiliant,

146 1651 192 1712 et
212 1644 264 1713 ita
287 1665 354 1712 uec
371 1642 553 1734 publicum
572 1663 637 1710 nec
659 1641 847 1734 privatum,
867 1640 922 1710 vel
941 1641 1124 1710 consilium
1145 1640 1201 1710 vel
1315 1648 1320 1655 '

146 1757 374 1839 solationem,
399 1760 547 1828 aliorum
574 1757 844 1828 necessitatibus
874 1757 1055 1849 impartire
1082 1759 1201 1848 possit,

148 1875 341 1946 desiderari
361 1898 459 1967 paene
477 1873 595 1943 omnia
612 1875 649 1942 in
667 1872 728 1942 illo
747 1873 919 1956 videmus,
937 1897 1017 1965 quae
1036 1895 1138 1942 snum
1156 1874 1201 1944 ad

146 1993 308 2063 officium
333 1991 521 2084 pertinent.
574 1990 690 2083 Igitur
712 1988 775 2058 has
798 1990 949 2084 grandes
974 1999 1011 2058 et
1031 1991 1203 2060 immanes

145 2131 338 2201 comorum
357 2107 475 2179 clades
496 2107 556 2199 qui
580 2108 630 2176 sic
649 2107 783 2176 inustas
800 2106 943 2188 habent,
962 2115 1003 2175 ut
1027 2129 1202 2177 sacramm

146 2228 191 2297 in
221 2224 291 2296 illis
315 2249 431 2296 rerum
458 2224 568 2294 libera
595 2247 665 2292 nou
697 2223 806 2316 possit
832 2223 1090 2293 administratio
1121 2246 1200 2315 pro·

146 2341 292 2427 cedere,
309 2341 456 2411 minime
478 2340 523 2410 ad
542 2340 753 2433 dignitatem
780 2339 1053 2410 sacerdotiorum
1075 2339 1204 2432 guber-

147 2459 350 2529 nandorum
368 2458 595 2550 perveniant:
622 2457 683 2526 sed
704 2457 909 2526 minutiores
930 2454 1201 2535 offensiunculas,

148 2576 242 2646 licet
255 2574 419 2667 inspersae
436 2574 519 2656 sint,
532 2572 611 2642 illos
627 2597 649 2643 a
666 2572 869 2643 sacerdotiis
881 2595 952 2642 non
970 2572 1202 2655 distinebant,

148 2714 222 2763 nec
240 2712 360 2761 earum
378 2690 639 2761 deformitatem
657 2690 806 2781 pecunia
822 2689 994 2759 redimere
1012 2689 1155 2759 debent.

431 2919 508 3004 Gap.
527 2938 577 2983 21.
600 2920 698 2983 AEtcc
712 2917 927 2983 ministrorum.

207 3040 376 3133 Sequitur
395 3049 498 3122 aetas;
524 3064 603 3132 quae
625 3050 769 3110 nonest
793 3042 828 3110 in
847 3040 1017 3111 Ecclesiae
1036 3042 1204 3112 ministris

150 3158 376 3254 negligenda,
388 3159 554 3249 quoniam
565 3181 737 3228 annorum
750 3159 935 3227 maturitas
948 3158 1202 3229 authoritatem

151 3276 270 3359 affert,
295 3283 334 3345 et
362 3274 613 3346 adolescentiae
640 3276 822 3344 temeritas
852 3275 1075 3367 occupationi
1105 3298 1205 3346 sanc-

151 3393 373 3463 tissimorum
406 3414 594 3462 munerum
627 3403 665 3461 et
702 3393 881 3462 severitati
917 3393 976 3462 vix
1016 3392 1205 3463 convenire

152 3518 285 3603 potest.
353 3507 469 3603 Igitur
506 3510 542 3578 in
578 3508 760 3602 episcopis,
797 3508 939 3579 decanis
978 3508 1205 3580 ecclesiarum

154 3625 425 3708 cathedralium,
442 3635 480 3696 et
497 3625 760 3708 archidiaconis,
779 3648 929 3717 quorum
948 3626 1103 3697 maxima
1127 3651 1207 3720 per-

155 3743 265 3815 fectio
295 3765 433 3812 morum
468 3764 544 3812 esse
578 3741 695 3823 debet,
724 3742 940 3813 tricesimum
975 3765 1111 3813 annum
1144 3765 1206 3813 ex-

156 3859 292 3953 pectari
314 3856 487 3938 volumus,
505 3858 542 3928 in
566 3857 762 3951 parochis⁵,
780 3868 821 3929 ut
844 3869 981 3942 vocant,
1000 3860 1204 3933 vicesimum

158 3977 336 4069 quintum,
355 3975 391 4043 iu
412 3973 663 4067 praebendariis
687 3977 851 4059 eundem,
868 3977 1041 4067 siquidem
1060 4001 1143 4048 eura
1160 3978 1205 4048 sit

283 4152 290 4191 ¹
306 4159 349 4207 ut.
529 4143 542 4183 ²
555 4148 668 4223 poterit.
848 4141 861 4180 ³
874 4148 1083 4224 detorqueatur.

361 4230 375 4268 ⁴
388 4238 437 4286 aut
450 4250 500 4286 om.
827 4232 839 4269 ὕ
855 4230 1004 4306 parochiis.

652 4333 716 4396 att
