2692 4800
249 304 343 362 REG.
367 301 568 360 EDOVARD.
592 300 707 357 SEXTl
731 299 931 357 EPISTOLA.
1040 302 1108 358 xxxi

56 457 233 544 armigeris,
250 458 405 522 salutem:
430 455 509 520 cnm
525 476 581 518 vos
602 454 736 540 triginta
758 454 838 517 duos
857 452 941 517 viros
962 453 1003 517 ad
1024 452 1108 537 leges

57 566 185 624 nostras
210 558 442 624 ecclesiasticas
471 557 677 643 perlegendas
700 564 734 621 et
759 556 993 641 componendas
1012 557 1109 640 juxta

56 661 118 726 vim
148 662 289 726 formam
318 667 353 725 et
384 659 530 724 effectum
556 659 721 743 eujusdam
750 658 815 723 uoti
845 657 1045 742 parlamenti,
1075 656 1107 720 in

56 762 155 829 tertio
176 762 270 849 regni
292 761 393 827 nostri
415 783 499 826 nuno
521 760 608 846 apud
630 760 769 825 Westm.
792 760 878 837 fecti,
902 759 989 824 brevi
1011 758 1109 845 assig-

56 888 136 934 mre
159 875 196 932 et
217 866 375 952 deputare
395 865 610 951 proponimus,
633 872 667 929 et
690 864 743 930 ubi
766 885 915 928 numerus
939 862 1109 948 praedictus

57 971 98 1039 sd
112 977 294 1037 tractatum
314 969 418 1057 legum
438 968 664 1055 praedictarum
679 968 957 1033 desoribendnrum
975 973 1010 1031 et
1024 988 1109 1032 com·

56 1074 280 1160 ponendnmm
298 1072 412 1138 nimius
426 1073 563 1149 videtur,
584 1070 714 1136 tametsi
737 1070 769 1134 id
793 1077 861 1135 tum
883 1076 1016 1156 propter
1036 1091 1109 1133 con-

57 1177 268 1244 saltationem
289 1183 323 1243 et
341 1176 498 1263 judicium
520 1197 617 1262 super
641 1196 679 1239 eo
703 1175 895 1251 habendum,
922 1181 992 1238 tum
1015 1173 1108 1238 etiem

58 1288 194 1368 propter
219 1279 448 1367 perfectionem
472 1285 506 1343 et
532 1277 797 1363 complementum
823 1277 995 1341 earundem
1018 1276 1111 1363 longe

57 1381 234 1468 expediens
255 1380 376 1460 existit,
397 1380 499 1457 nobis,
521 1379 720 1443 moventibus
742 1378 928 1444 consiliariis
950 1378 1111 1444 nostrisa

57 1482 203 1562 secretis,
229 1490 476 1548 consentaneum
502 1481 603 1568 magis
627 1481 762 1561 videtur,
786 1482 881 1567 hujus
909 1481 955 1547 rei
984 1480 1110 1546 initium

57 1586 227 1652 introitum
249 1585 384 1672 primam
406 1585 540 1650 formum
561 1593 596 1650 et
618 1583 809 1649 lineaturam
834 1605 966 1648 numero
987 1591 1109 1660 octavo,

61 1689 117 1775 qui
148 1689 318 1754 doctorum
347 1688 482 1771 triginta
511 1688 573 1752 erit
599 1687 715 1772 portio,
742 1687 964 1760 committere3
999 1708 1111 1772 nempe

58 1790 152 1877 qussi
167 1790 435 1877 praeparationem
450 1790 610 1875 quandam
624 1788 786 1876 grandiori
801 1810 932 1853 numero
945 1788 1096 1853 futuram.

104 1893 312 1979 Quapropter
334 1893 374 1956 de
397 1892 567 1978 prudentia
592 1891 729 1957 scientie
752 1899 786 1956 et
812 1891 977 1977 diligentie
998 1891 1112 1956 vestris

58 1993 231 2080 plurimum
257 1993 462 2068 confidentes,
485 1996 525 2058 de
550 1994 710 2059 sententie
737 1994 859 2058 oonoilii
882 1993 1112 2058 nominavimus

59 2106 94 2163 et
110 2097 336 2184 deputavimus
351 2119 407 2162 vos
420 2097 653 2162 commissarios
668 2105 804 2174 nostros,
820 2105 853 2162 et
869 2096 958 2162 vobis
972 2097 1112 2161 authori-

58 2207 164 2266 tatem
185 2222 244 2285 per
256 2208 435 2286 praesentes
456 2199 667 2285 impertimus,
683 2209 720 2265 ut
737 2201 809 2264 loco
822 2207 857 2264 et
878 2208 1022 2285 tempore
1039 2222 1112 2265 con-

59 2301 150 2390 gruis
176 2309 211 2367 et
236 2302 437 2389 opportunis,
458 2301 622 2368 celeritate
644 2303 850 2369 conveniente
877 2325 941 2388 qua
965 2303 1112 2388 poteritis

60 2404 212 2482 maxima,
227 2404 355 2469 insimul
374 2404 578 2482 conveniatis,
594 2426 783 2490 cursumque
802 2406 909 2491 legum
926 2405 1112 2471 ecclesiasti·

60 2526 181 2582 earum,
195 2504 279 2569 infra
293 2525 425 2590 regnum
440 2512 585 2570 nostrum
600 2504 633 2568 in
648 2527 706 2568 usu
722 2503 936 2582 existentium,
952 2512 1010 2569 eut
1024 2511 1113 2569 ante-

59 2605 121 2671 hne
154 2604 204 2670 uti
236 2605 413 2684 solitarum,
443 2604 613 2692 diligenter
641 2605 814 2693 perlegatis
843 2605 1051 2671 consideretis
1080 2614 1114 2672 et

59 2708 254 2795 ponderetis,
275 2729 375 2793 eoque
394 2708 492 2785 fecto,
508 2707 634 2773 illerum
653 2709 724 2774 loeo
744 2718 778 2774 et
798 2709 873 2786 vioe,
897 2708 1113 2775 collectionem

60 2810 319 2897 compilationem
341 2816 375 2875 et
397 2811 541 2876 ordinem
567 2811 677 2877 talium
700 2812 805 2898 legum
829 2812 1114 2878 ecclesiasticarum

61 2912 233 2979 inveniatis
255 2913 384 2978 faciatis
411 2922 445 2978 et
467 2913 500 2976 in
522 2914 644 3000 scripta
666 2915 767 3001 redigi
789 2916 923 2994 facietis,
950 2917 1059 3002 quales
1081 2916 1114 2981 in

60 3037 121 3081 usu
144 3037 214 3080 esse
235 3015 407 3102 practicari
430 3022 464 3081 et
483 3016 516 3080 in
536 3017 774 3104 quibusouuque
797 3018 893 3083 curiis
916 3025 949 3084 et
967 3019 1114 3103 jurisdic-

61 3118 204 3184 tionibus
224 3118 344 3183 nostris
364 3118 585 3185 ecclesiasticis
606 3120 688 3186 infra
706 3122 792 3187 istud
815 3144 947 3208 regnum
970 3129 1115 3187 nostrum

61 3229 96 3287 et
121 3221 185 3286 alia
208 3227 321 3286 nostra
346 3221 488 3287 dominia
510 3224 644 3308 proponi
668 3231 702 3288 et
727 3225 892 3310 publicari,
915 3226 955 3290 de
981 3225 1114 3291 scientio

61 3323 221 3410 snpientia
242 3330 277 3387 et
293 3324 413 3409 judicio
428 3324 541 3391 restris
559 3326 697 3391 maxime
712 3327 883 3413 expediens
899 3329 968 3392 fore
983 3336 1115 3415 putave-

61 3427 152 3492 ritis:
175 3427 332 3491 habentes
347 3427 633 3494 considerationem
649 3438 683 3495 et
704 3437 884 3516 respectum
907 3431 1050 3495 debitum
1072 3432 1113 3496 ed

61 3539 208 3596 tenorem
225 3531 342 3596 statuti
361 3531 518 3616 praedicti,
534 3554 593 3618 pro
607 3534 853 3618 praeservatioue
867 3535 972 3622 legum
990 3541 1115 3600 nostra

61 3656 134 3698 rum
148 3633 363 3698 communium
384 3634 417 3697 in
438 3657 496 3699 suo
511 3635 619 3722 vigore
637 3637 879 3713 remanentium,
894 3644 928 3701 et
943 3659 1002 3722 pro
1016 3637 1115 3700 omni·

61 3738 123 3801 bus
143 3735 214 3801 nliis
232 3734 376 3801 articulis
391 3737 536 3801 strumis
551 3737 628 3802 dicti
650 3737 775 3803 statuti.
822 3738 866 3803 Et
882 3739 1115 3825 quamprimum

62 3839 149 3926 leges
174 3837 338 3924 proediotae
361 3860 418 3924 per
439 3861 495 3903 vos
516 3839 695 3905 adinvento
719 3841 866 3906 formatae
887 3841 1055 3927 descnpcae
1082 3848 1115 3905 et

62 3940 242 4026 compilntae
260 3940 353 4018 liunt,
369 3942 496 4006 eusdem
519 3942 629 4008 statim
650 3942 741 4007 nobis
761 3943 904 4008 exhiberi
927 3951 960 4008 et
984 3944 1017 4007 in
1040 3944 1115 4007 scri-

63 4043 127 4129 ptis
149 4042 235 4108 tradi
251 4043 405 4122 volumus,
421 4050 458 4108 ut
479 4066 534 4109 eas
556 4045 596 4109 de
618 4043 740 4108 concilii
763 4045 863 4109 nostri
886 4046 1054 4124 sententia,
1076 4047 1115 4111 de

65 4145 191 4210 residuo
204 4145 343 4232 triginta
354 4145 498 4222 duorum,
511 4169 575 4211 uun
586 4146 757 4225 vobiscum,
773 4169 832 4230 pro
847 4147 997 4213 ulteriore
1012 4148 1116 4234 legum

63 4249 290 4335 praedicturum
313 4247 596 4315 ecclesiasticorum
618 4248 830 4314 ratificatione
856 4259 889 4315 et
914 4249 1114 4335 perfectione,
