2692 4800
447 318 496 368 nn
521 318 869 371 conmonuemus.
1134 301 1182 367 35

133 473 253 545 abhis
271 474 424 569 flagitiis,
443 484 612 569 tanquam
630 479 841 572 gravissimis
859 476 1068 571 quibusdam
1087 474 1189 545 Chri-

133 592 257 662 stisnae
287 592 371 663 fidei
401 594 569 685 pestibus
596 616 634 665 se
666 594 870 688 longissime
899 592 1089 674 abducent,
1120 613 1187 661 nee

135 707 208 777 ullo
226 716 391 802 respectu
409 732 704 803 quarumcunque
721 733 839 780 rerum
860 711 948 795 (sive
966 708 1104 780 lucrum
1123 730 1187 777 ex-

134 823 244 916 empli
274 848 380 896 eausa
410 826 466 909 sit,
494 827 568 897 sive
599 826 773 919 voluptas,
803 828 876 897 sive
907 827 953 896 sit
982 825 1096 896 honor
1125 834 1189 894 sut

133 941 277 1024 sanitas,
306 954 369 1012 aut
402 964 520 1012 rerum
554 943 795 1013 abstrusamm
831 941 1080 1034 intelligentia,
1115 940 1188 1010 sive

133 1058 321 1150 quisquam
339 1058 430 1130 alius
451 1061 487 1128 in
510 1060 637 1130 animis
662 1059 844 1151 obstrepat
867 1068 930 1129 eut
948 1055 1189 1128 tumultuetur

134 1195 264 1265 pravus
289 1172 453 1268 effeetus)
472 1198 627 1266 unquam
654 1175 856 1267 hujusmodi
874 1172 1027 1267 impulsu
1047 1173 1188 1243 vitioso·

134 1313 214 1360 rum
239 1301 405 1361 motuum
428 1291 559 1362 diaboli
579 1292 728 1363 vinculis
755 1315 792 1362 se
811 1293 923 1362 teneri
942 1291 1132 1384 patiantur,
1149 1299 1188 1359 et

133 1403 173 1476 a¹
190 1409 397 1479 suavissima
414 1406 615 1480 Christiana
632 1408 798 1479 libertate
816 1402 1040 1479 descisceret

249 1635 375 1722 caus.
401 1637 462 1716 Qui
468 1645 600 1724 propter
613 1636 676 1701 laeo
690 1637 824 1702 crimina
836 1635 991 1722 puniendi
1005 1635 1074 1700 siut.

187 1756 318 1829 Poenus
340 1767 462 1829 sutem
487 1760 712 1853 gravissimas
736 1784 806 1829 non
831 1758 945 1829 solum
964 1756 1034 1828 illis
1051 1758 1190 1828 denun-

133 1872 269 1945 tiamus
303 1876 364 1966 qui
400 1876 545 1945 curiosis
578 1884 732 1946 utuntur
761 1886 798 1946 et
832 1874 1009 1969 pestiferis
1044 1872 1188 1955 artibus,

132 1992 384 2062 verumetiam
399 1989 541 2084 illisqui
558 2001 631 2063 tam
645 1990 834 2063 sceleratos
851 1990 1003 2062 artifices
1021 1989 1065 2060 de
1083 1988 1189 2060 rebus

131 2109 209 2177 suis
232 2108 464 2202 interrogant,
483 2108 535 2178 vel
556 2106 698 2178 illorum
717 2106 827 2177 ullam
851 2127 994 2198 operam
1019 2125 1189 2196 quaeum·

132 2246 208 2316 que
225 2224 363 2295 ratione
380 2246 461 2295 suus
478 2225 520 2295 ud
540 2247 662 2295 eausss
680 2223 960 2295 accommodent.

173 2476 250 2563 Cup.
268 2498 299 2559 9.
322 2478 482 2541 Damnum
497 2477 546 2540 lis
561 2476 682 2542 artibus
700 2477 807 2541 datum
821 2498 880 2541 me
893 2473 1157 2561 compensandum.

187 2603 226 2673 Si
252 2603 439 2694 quisquam
469 2601 648 2674 sceleratis
679 2603 827 2671 istorum
857 2600 993 2670 artibus
1019 2600 1188 2670 damnum

135 2718 253 2789 ullum
288 2720 343 2788 in·
361 2719 550 2800 frumento,
580 2717 764 2798 fructibus,
799 2716 963 2797 edificiis,
994 2713 1189 2808 pecoribus,

135 2846 200 2907 aut
218 2835 490 2928 quibuscunque
507 2835 609 2905 bonis
632 2836 704 2905 suis
727 2834 912 2926 acceperit,
931 2832 967 2903 id
985 2833 1187 2903 universum

136 2952 342 3044 plenissime
359 2960 531 3045 eoguntur
548 2952 746 3021 restituere.

364 3379 432 3450 nn
459 3346 966 3452 cuneronnn'onmns.

175 3593 254 3678 Cap.
271 3614 296 3655 r.
324 3590 533 3655 Centimandi
546 3612 655 3655 munus
669 3591 756 3677 quale
770 3593 823 3670 sit,
837 3601 865 3657 ot
878 3591 1021 3678 quonwde
1036 3593 1154 3680 suscipi

584 3693 698 3759 debeat.

187 3825 367 3910 Quoniam
386 3824 618 3895 concionandi
636 3847 765 3896 munus
788 3826 918 3920 populo
937 3823 1005 3898 Dei
1032 3830 1189 3901 maxime

136 3943 374 4012 necessarium
385 3950 449 4023 est,
456 3939 617 4011 Ecclesia
628 3964 809 4034 uunquam
820 3939 901 4012 illo3
912 3943 1058 4015 destitui
1071 3945 1189 4020 debet.

136 4056 233 4128 Illud
252 4067 375 4127 tamen
392 4056 660 4149 diligentissime
680 4058 937 4150 providendum
954 4066 1018 4142 est,
1032 4046 1191 4154 ne'quis-

134 4197 244 4267 quam
276 4173 321 4243 ad
352 4172 508 4242 officium
540 4183 613 4244 tsm
644 4173 848 4265 praeclarum
884 4183 1092 4261 assumetur,
1123 4179 1188 4249 nisi

220 4341 229 4380 ¹
245 4366 263 4404 a
277 4366 331 4404 out.
563 4340 577 4380 ²
590 4347 735 4406 desistere.
969 4348 982 4386 ³
997 4349 1045 4407 illu
1059 4371 1111 4409 om.

622 4450 690 4519 112
