<?xml version="1.0" encoding="UTF-8"?>
<!DOCTYPE html PUBLIC "-//W3C//DTD XHTML 1.0 Transitional//EN"
    "http://www.w3.org/TR/xhtml1/DTD/xhtml1-transitional.dtd">
<html xmlns="http://www.w3.org/1999/xhtml" xml:lang="en" lang="en">
 <head>
  <title>
</title>
<meta http-equiv="Content-Type" content="text/html;charset=utf-8" />
  <meta name='ocr-system' content='tesseract 3.04.00' />
  <meta name='ocr-capabilities' content='ocr_page ocr_carea ocr_par ocr_line ocrx_word'/>
</head>
<body>
  <div class='ocr_page' id='page_1' title='image "./reformationeccl01cardgoog_0101.png"; bbox 0 0 2692 4800; ppageno 0'>
   <div class='ocr_carea' id='block_1_1' title="bbox 540 271 946 344">
    <p class='ocr_par' dir='ltr' id='par_1_1' title="bbox 540 271 946 344">
     <span class='ocr_line' id='line_1_1' title="bbox 540 271 946 344; baseline 0 0"><span class='ocrx_word' id='word_1_1' title='bbox 540 294 588 343; x_wconf 81' lang='lat' dir='ltr'>nn</span> <span class='ocrx_word' id='word_1_2' title='bbox 613 293 854 344; x_wconf 74' lang='lat' dir='ltr'>monetarum</span> <span class='ocrx_word' id='word_1_3' title='bbox 881 271 946 344; x_wconf 77' lang='lat' dir='ltr'>&amp;a</span> 
     </span>
    </p>
   </div>
   <div class='ocr_carea' id='block_1_2' title="bbox 191 501 1264 3047">
    <p class='ocr_par' dir='ltr' id='par_1_2' title="bbox 522 501 933 588">
     <span class='ocr_line' id='line_1_2' title="bbox 522 501 933 588; baseline -0.005 -21"><span class='ocrx_word' id='word_1_4' title='bbox 522 502 599 588; x_wconf 81' lang='lat' dir='ltr'>Cap.</span> <span class='ocrx_word' id='word_1_5' title='bbox 615 523 646 588; x_wconf 85' lang='lat'>3.</span> <span class='ocrx_word' id='word_1_6' title='bbox 671 501 755 582; x_wconf 71' lang='lat' dir='ltr'>Quid</span> <span class='ocrx_word' id='word_1_7' title='bbox 767 502 872 588; x_wconf 75' lang='lat' dir='ltr'>mapio</span> <span class='ocrx_word' id='word_1_8' title='bbox 884 502 933 567; x_wconf 82' lang='lat' dir='ltr'>sit.</span> 
     </span>
    </p>

    <p class='ocr_par' dir='ltr' id='par_1_3' title="bbox 205 622 1259 1298">
     <span class='ocr_line' id='line_1_3' title="bbox 256 622 1255 719; baseline 0.003 -27"><span class='ocrx_word' id='word_1_9' title='bbox 256 622 380 718; x_wconf 82' lang='lat' dir='ltr'>Magia</span> <span class='ocrx_word' id='word_1_10' title='bbox 408 634 551 717; x_wconf 79' lang='lat' dir='ltr'>paetum</span> <span class='ocrx_word' id='word_1_11' title='bbox 580 636 635 696; x_wconf 89' lang='lat' dir='ltr'>est</span> <span class='ocrx_word' id='word_1_12' title='bbox 665 625 721 696; x_wconf 90' lang='lat' dir='ltr'>vel</span> <span class='ocrx_word' id='word_1_13' title='bbox 748 626 863 697; x_wconf 85' lang='lat' dir='ltr'>foedus</span> <span class='ocrx_word' id='word_1_14' title='bbox 892 649 973 697; x_wconf 87' lang='lat' dir='ltr'>oum</span> <span class='ocrx_word' id='word_1_15' title='bbox 1005 624 1148 696; x_wconf 86' lang='lat' dir='ltr'>diabolo</span> <span class='ocrx_word' id='word_1_16' title='bbox 1175 647 1255 719; x_wconf 88' lang='lat' dir='ltr'>per·</span> 
     </span>
     <span class='ocr_line' id='line_1_4' title="bbox 205 739 1258 834; baseline 0.001 -23"><span class='ocrx_word' id='word_1_17' title='bbox 205 761 413 825; x_wconf 72' lang='lat' dir='ltr'>custumes</span> <span class='ocrx_word' id='word_1_18' title='bbox 438 741 513 832; x_wconf 89' lang='lat' dir='ltr'>ejus</span> <span class='ocrx_word' id='word_1_19' title='bbox 539 741 715 823; x_wconf 84' lang='lat' dir='ltr'>ministris,</span> <span class='ocrx_word' id='word_1_20' title='bbox 734 741 957 822; x_wconf 81' lang='lat' dir='ltr'>carminibus,</span> <span class='ocrx_word' id='word_1_21' title='bbox 976 741 1153 834; x_wconf 80' lang='lat' dir='ltr'>precibus,</span> <span class='ocrx_word' id='word_1_22' title='bbox 1172 739 1258 813; x_wconf 85' lang='lat' dir='ltr'>oha-</span> 
     </span>
     <span class='ocr_line' id='line_1_5' title="bbox 205 857 1257 950; baseline -0.001 -22"><span class='ocrx_word' id='word_1_23' title='bbox 205 857 409 940; x_wconf 86' lang='lat' dir='ltr'>raoteribus,</span> <span class='ocrx_word' id='word_1_24' title='bbox 427 857 484 928; x_wconf 87' lang='lat' dir='ltr'>vel</span> <span class='ocrx_word' id='word_1_25' title='bbox 502 857 674 928; x_wconf 85' lang='lat' dir='ltr'>similibus</span> <span class='ocrx_word' id='word_1_26' title='bbox 697 858 889 950; x_wconf 88' lang='lat' dir='ltr'>impietatis</span> <span class='ocrx_word' id='word_1_27' title='bbox 909 857 1155 928; x_wconf 75' lang='lat' dir='ltr'>instrumentis</span> <span class='ocrx_word' id='word_1_28' title='bbox 1171 879 1257 928; x_wconf 85' lang='lat' dir='ltr'>oon·</span> 
     </span>
     <span class='ocr_line' id='line_1_6' title="bbox 205 971 1257 1067; baseline 0.002 -25"><span class='ocrx_word' id='word_1_29' title='bbox 205 971 438 1065; x_wconf 85' lang='lat' dir='ltr'>flatum,quod</span> <span class='ocrx_word' id='word_1_30' title='bbox 451 973 507 1043; x_wconf 87' lang='lat' dir='ltr'>vel</span> <span class='ocrx_word' id='word_1_31' title='bbox 518 975 563 1045; x_wconf 89' lang='lat' dir='ltr'>ad</span> <span class='ocrx_word' id='word_1_32' title='bbox 574 973 774 1044; x_wconf 87' lang='lat' dir='ltr'>futurorum</span> <span class='ocrx_word' id='word_1_33' title='bbox 786 996 931 1044; x_wconf 87' lang='lat' dir='ltr'>casuum</span> <span class='ocrx_word' id='word_1_34' title='bbox 941 972 1257 1067; x_wconf 86' lang='lat' dir='ltr'>investigationem</span> 
     </span>
     <span class='ocr_line' id='line_1_7' title="bbox 205 1089 1259 1184; baseline 0.001 -24"><span class='ocrx_word' id='word_1_35' title='bbox 205 1089 366 1172; x_wconf 84' lang='lat' dir='ltr'>refertur,</span> <span class='ocrx_word' id='word_1_36' title='bbox 381 1091 436 1162; x_wconf 89' lang='lat' dir='ltr'>vel</span> <span class='ocrx_word' id='word_1_37' title='bbox 454 1092 498 1161; x_wconf 91' lang='lat' dir='ltr'>ad</span> <span class='ocrx_word' id='word_1_38' title='bbox 516 1099 691 1161; x_wconf 83' lang='lat' dir='ltr'>certorum</span> <span class='ocrx_word' id='word_1_39' title='bbox 710 1113 826 1162; x_wconf 89' lang='lat' dir='ltr'>rerum</span> <span class='ocrx_word' id='word_1_40' title='bbox 845 1112 932 1184; x_wconf 90' lang='lat' dir='ltr'>quas</span> <span class='ocrx_word' id='word_1_41' title='bbox 948 1091 1155 1183; x_wconf 81' lang='lat' dir='ltr'>expetimus</span> <span class='ocrx_word' id='word_1_42' title='bbox 1171 1113 1259 1161; x_wconf 86' lang='lat' dir='ltr'>oon·</span> 
     </span>
     <span class='ocr_line' id='line_1_8' title="bbox 205 1205 461 1298; baseline 0.004 -23"><span class='ocrx_word' id='word_1_43' title='bbox 205 1205 461 1298; x_wconf 88' lang='lat' dir='ltr'>quisitionem¹.</span> 
     </span>
    </p>

    <p class='ocr_par' dir='ltr' id='par_1_4' title="bbox 495 1318 960 1405">
     <span class='ocr_line' id='line_1_9' title="bbox 495 1318 960 1405; baseline -0.004 -20"><span class='ocrx_word' id='word_1_44' title='bbox 495 1319 572 1405; x_wconf 76' lang='lat' dir='ltr'>Cap.</span> <span class='ocrx_word' id='word_1_45' title='bbox 587 1341 619 1401; x_wconf 89' lang='lat'>4.</span> <span class='ocrx_word' id='word_1_46' title='bbox 649 1319 737 1387; x_wconf 74' lang='lat' dir='ltr'>Quid</span> <span class='ocrx_word' id='word_1_47' title='bbox 749 1318 899 1384; x_wconf 77' lang='lat' dir='ltr'>diuinatio</span> <span class='ocrx_word' id='word_1_48' title='bbox 912 1318 960 1383; x_wconf 77' lang='lat' dir='ltr'>ait.</span> 
     </span>
    </p>

    <p class='ocr_par' dir='ltr' id='par_1_5' title="bbox 191 1440 1264 2582">
     <span class='ocr_line' id='line_1_10' title="bbox 254 1440 1260 1535; baseline -0.001 -22"><span class='ocrx_word' id='word_1_49' title='bbox 254 1442 436 1513; x_wconf 81' lang='lat' dir='ltr'>Divinatio</span> <span class='ocrx_word' id='word_1_50' title='bbox 454 1465 571 1513; x_wconf 88' lang='lat' dir='ltr'>rerum</span> <span class='ocrx_word' id='word_1_51' title='bbox 589 1451 643 1512; x_wconf 90' lang='lat' dir='ltr'>est</span> <span class='ocrx_word' id='word_1_52' title='bbox 660 1452 874 1514; x_wconf 80' lang='lat' dir='ltr'>secretarum</span> <span class='ocrx_word' id='word_1_53' title='bbox 893 1442 1154 1535; x_wconf 68' lang='lat' dir='ltr'>praenuntiatio,</span> <span class='ocrx_word' id='word_1_54' title='bbox 1170 1440 1260 1512; x_wconf 83' lang='lat' dir='ltr'>mali</span> 
     </span>
     <span class='ocr_line' id='line_1_11' title="bbox 204 1555 1261 1652; baseline 0.002 -23"><span class='ocrx_word' id='word_1_55' title='bbox 204 1558 388 1650; x_wconf 85' lang='lat' dir='ltr'>eujusdam</span> <span class='ocrx_word' id='word_1_56' title='bbox 401 1555 458 1628; x_wconf 86' lang='lat' dir='ltr'>et²</span> <span class='ocrx_word' id='word_1_57' title='bbox 471 1559 570 1652; x_wconf 91' lang='lat' dir='ltr'>impii</span> <span class='ocrx_word' id='word_1_58' title='bbox 583 1558 726 1650; x_wconf 89' lang='lat' dir='ltr'>spiritus</span> <span class='ocrx_word' id='word_1_59' title='bbox 739 1559 910 1630; x_wconf 81' lang='lat' dir='ltr'>instinctu</span> <span class='ocrx_word' id='word_1_60' title='bbox 923 1559 1145 1652; x_wconf 83' lang='lat' dir='ltr'>proveniens,</span> <span class='ocrx_word' id='word_1_61' title='bbox 1159 1568 1199 1630; x_wconf 89' lang='lat' dir='ltr'>et</span> <span class='ocrx_word' id='word_1_62' title='bbox 1212 1581 1261 1631; x_wconf 86' lang='lat' dir='ltr'>ex</span> 
     </span>
     <span class='ocr_line' id='line_1_12' title="bbox 204 1672 1263 1770; baseline -0.003 -23"><span class='ocrx_word' id='word_1_63' title='bbox 204 1677 358 1770; x_wconf 82' lang='lat' dir='ltr'>auguriis</span> <span class='ocrx_word' id='word_1_64' title='bbox 371 1684 648 1770; x_wconf 83' lang='lat' dir='ltr'>coagmentatur,</span> <span class='ocrx_word' id='word_1_65' title='bbox 662 1676 836 1768; x_wconf 84' lang='lat' dir='ltr'>auspiciis,</span> <span class='ocrx_word' id='word_1_66' title='bbox 850 1685 888 1746; x_wconf 90' lang='lat' dir='ltr'>et</span> <span class='ocrx_word' id='word_1_67' title='bbox 901 1674 1079 1747; x_wconf 88' lang='lat' dir='ltr'>ominibus</span> <span class='ocrx_word' id='word_1_68' title='bbox 1085 1672 1111 1758; x_wconf 85' lang='lat'>³,</span> <span class='ocrx_word' id='word_1_69' title='bbox 1123 1683 1163 1747; x_wconf 86' lang='lat' dir='ltr'>et</span> <span class='ocrx_word' id='word_1_70' title='bbox 1175 1673 1263 1746; x_wconf 88' lang='lat' dir='ltr'>reli·</span> 
     </span>
     <span class='ocr_line' id='line_1_13' title="bbox 204 1790 1262 1888; baseline -0.001 -23"><span class='ocrx_word' id='word_1_71' title='bbox 204 1818 275 1888; x_wconf 86' lang='lat' dir='ltr'>qua</span> <span class='ocrx_word' id='word_1_72' title='bbox 284 1793 485 1886; x_wconf 89' lang='lat' dir='ltr'>hujusmodi</span> <span class='ocrx_word' id='word_1_73' title='bbox 498 1815 605 1886; x_wconf 85' lang='lat' dir='ltr'>prava</span> <span class='ocrx_word' id='word_1_74' title='bbox 614 1791 936 1884; x_wconf 76' lang='lat' dir='ltr'>levitatezquamin</span> <span class='ocrx_word' id='word_1_75' title='bbox 946 1790 1262 1884; x_wconf 88' lang='lat' dir='ltr'>reprehensionem</span> 
     </span>
     <span class='ocr_line' id='line_1_14' title="bbox 191 1893 1262 2002; baseline -0.001 -21"><span class='ocrx_word' id='word_1_76' title='bbox 191 1893 346 1981; x_wconf 80' lang='lat' dir='ltr'>¹illorum</span> <span class='ocrx_word' id='word_1_77' title='bbox 370 1910 478 1981; x_wconf 83' lang='lat' dir='ltr'>etiam</span> <span class='ocrx_word' id='word_1_78' title='bbox 501 1909 626 1979; x_wconf 86' lang='lat' dir='ltr'>incidit</span> <span class='ocrx_word' id='word_1_79' title='bbox 649 1908 824 1978; x_wconf 85' lang='lat' dir='ltr'>curiosum</span> <span class='ocrx_word' id='word_1_80' title='bbox 848 1909 1042 2000; x_wconf 84' lang='lat' dir='ltr'>ingenium,</span> <span class='ocrx_word' id='word_1_81' title='bbox 1059 1907 1120 2001; x_wconf 90' lang='lat' dir='ltr'>qui</span> <span class='ocrx_word' id='word_1_82' title='bbox 1138 1910 1262 2002; x_wconf 85' lang='lat' dir='ltr'>specie</span> 
     </span>
     <span class='ocr_line' id='line_1_15' title="bbox 204 2021 1263 2121; baseline -0.004 -23"><span class='ocrx_word' id='word_1_83' title='bbox 204 2027 394 2121; x_wconf 87' lang='lat' dir='ltr'>figurarum</span> <span class='ocrx_word' id='word_1_84' title='bbox 416 2025 613 2119; x_wconf 67' lang='lat' dir='ltr'>astrologiae</span> <span class='ocrx_word' id='word_1_85' title='bbox 636 2024 819 2116; x_wconf 83' lang='lat' dir='ltr'>praeeeptis</span> <span class='ocrx_word' id='word_1_86' title='bbox 840 2021 1128 2108; x_wconf 85' lang='lat' dir='ltr'>delineatamm⁴,</span> <span class='ocrx_word' id='word_1_87' title='bbox 1145 2032 1188 2094; x_wconf 87' lang='lat' dir='ltr'>ut</span> <span class='ocrx_word' id='word_1_88' title='bbox 1205 2025 1263 2094; x_wconf 78' lang='lat' dir='ltr'>vi·</span> 
     </span>
     <span class='ocr_line' id='line_1_16' title="bbox 203 2137 1264 2234; baseline -0.002 -20"><span class='ocrx_word' id='word_1_89' title='bbox 203 2144 278 2214; x_wconf 89' lang='lat' dir='ltr'>deri</span> <span class='ocrx_word' id='word_1_90' title='bbox 305 2142 438 2225; x_wconf 83' lang='lat' dir='ltr'>volunt,</span> <span class='ocrx_word' id='word_1_91' title='bbox 463 2164 591 2223; x_wconf 89' lang='lat' dir='ltr'>rerum,</span> <span class='ocrx_word' id='word_1_92' title='bbox 618 2138 674 2209; x_wconf 83' lang='lat' dir='ltr'>vel</span> <span class='ocrx_word' id='word_1_93' title='bbox 700 2139 807 2221; x_wconf 88' lang='lat' dir='ltr'>furto,</span> <span class='ocrx_word' id='word_1_94' title='bbox 831 2138 886 2208; x_wconf 88' lang='lat' dir='ltr'>vel</span> <span class='ocrx_word' id='word_1_95' title='bbox 914 2137 983 2209; x_wconf 86' lang='lat' dir='ltr'>alia</span> <span class='ocrx_word' id='word_1_96' title='bbox 1007 2140 1145 2211; x_wconf 88' lang='lat' dir='ltr'>ratione</span> <span class='ocrx_word' id='word_1_97' title='bbox 1171 2163 1264 2234; x_wconf 86' lang='lat' dir='ltr'>qua-</span> 
     </span>
     <span class='ocr_line' id='line_1_17' title="bbox 203 2254 1263 2348; baseline 0.001 -22"><span class='ocrx_word' id='word_1_98' title='bbox 203 2279 344 2348; x_wconf 87' lang='lat' dir='ltr'>uunque</span> <span class='ocrx_word' id='word_1_99' title='bbox 378 2263 647 2336; x_wconf 89' lang='lat' dir='ltr'>summotarum,</span> <span class='ocrx_word' id='word_1_100' title='bbox 682 2255 811 2324; x_wconf 92' lang='lat' dir='ltr'>deinde</span> <span class='ocrx_word' id='word_1_101' title='bbox 851 2254 959 2324; x_wconf 89' lang='lat' dir='ltr'>etiam</span> <span class='ocrx_word' id='word_1_102' title='bbox 1000 2254 1184 2326; x_wconf 81' lang='lat' dir='ltr'>actionum</span> <span class='ocrx_word' id='word_1_103' title='bbox 1223 2258 1263 2327; x_wconf 92' lang='lat' dir='ltr'>in</span> 
     </span>
     <span class='ocr_line' id='line_1_18' title="bbox 203 2370 1264 2464; baseline 0.004 -23"><span class='ocrx_word' id='word_1_104' title='bbox 203 2373 300 2442; x_wconf 93' lang='lat' dir='ltr'>omni</span> <span class='ocrx_word' id='word_1_105' title='bbox 335 2373 408 2442; x_wconf 92' lang='lat' dir='ltr'>vita</span> <span class='ocrx_word' id='word_1_106' title='bbox 442 2381 694 2464; x_wconf 86' lang='lat' dir='ltr'>susceptarum,</span> <span class='ocrx_word' id='word_1_107' title='bbox 732 2370 803 2441; x_wconf 88' lang='lat' dir='ltr'>vias</span> <span class='ocrx_word' id='word_1_108' title='bbox 837 2380 876 2441; x_wconf 89' lang='lat' dir='ltr'>et</span> <span class='ocrx_word' id='word_1_109' title='bbox 909 2381 1060 2442; x_wconf 85' lang='lat' dir='ltr'>eventus</span> <span class='ocrx_word' id='word_1_110' title='bbox 1092 2393 1131 2443; x_wconf 90' lang='lat' dir='ltr'>se</span> <span class='ocrx_word' id='word_1_111' title='bbox 1167 2375 1264 2446; x_wconf 85' lang='lat' dir='ltr'>seire</span> 
     </span>
     <span class='ocr_line' id='line_1_19' title="bbox 203 2489 425 2582; baseline -0.005 -25"><span class='ocrx_word' id='word_1_112' title='bbox 203 2489 425 2582; x_wconf 87' lang='lat' dir='ltr'>profitentur.</span> 
     </span>
    </p>

    <p class='ocr_par' dir='ltr' id='par_1_6' title="bbox 481 2599 974 2686">
     <span class='ocr_line' id='line_1_20' title="bbox 481 2599 974 2686; baseline 0.002 -20"><span class='ocrx_word' id='word_1_113' title='bbox 481 2601 558 2686; x_wconf 72' lang='lat' dir='ltr'>(lap.</span> <span class='ocrx_word' id='word_1_114' title='bbox 573 2619 604 2685; x_wconf 81' lang='lat'>5.</span> <span class='ocrx_word' id='word_1_115' title='bbox 631 2601 715 2680; x_wconf 74' lang='lat' dir='ltr'>Quid</span> <span class='ocrx_word' id='word_1_116' title='bbox 726 2599 912 2684; x_wconf 68' lang='lat' dir='ltr'>mnilopiom</span> <span class='ocrx_word' id='word_1_117' title='bbox 924 2600 974 2667; x_wconf 74' lang='lat' dir='ltr'>sit.</span> 
     </span>
    </p>

    <p class='ocr_par' dir='ltr' id='par_1_7' title="bbox 202 2723 1261 3047">
     <span class='ocr_line' id='line_1_21' title="bbox 253 2723 1261 2817; baseline 0.002 -22"><span class='ocrx_word' id='word_1_118' title='bbox 253 2723 483 2817; x_wconf 84' lang='lat' dir='ltr'>Sortilegium</span> <span class='ocrx_word' id='word_1_119' title='bbox 494 2723 706 2817; x_wconf 86' lang='lat' dir='ltr'>intelligitur</span> <span class='ocrx_word' id='word_1_120' title='bbox 719 2746 800 2794; x_wconf 86' lang='lat' dir='ltr'>cum</span> <span class='ocrx_word' id='word_1_121' title='bbox 812 2745 876 2815; x_wconf 89' lang='lat' dir='ltr'>per</span> <span class='ocrx_word' id='word_1_122' title='bbox 887 2731 999 2794; x_wconf 87' lang='lat' dir='ltr'>sortes</span> <span class='ocrx_word' id='word_1_123' title='bbox 1011 2723 1261 2817; x_wconf 80' lang='lat' dir='ltr'>cujuscunque</span> 
     </span>
     <span class='ocr_line' id='line_1_22' title="bbox 202 2839 1261 2936; baseline 0 -23"><span class='ocrx_word' id='word_1_124' title='bbox 202 2842 342 2936; x_wconf 82' lang='lat' dir='ltr'>generis</span> <span class='ocrx_word' id='word_1_125' title='bbox 365 2840 495 2911; x_wconf 84' lang='lat' dir='ltr'>abditae</span> <span class='ocrx_word' id='word_1_126' title='bbox 518 2863 573 2910; x_wconf 90' lang='lat' dir='ltr'>res</span> <span class='ocrx_word' id='word_1_127' title='bbox 596 2841 782 2932; x_wconf 76' lang='lat' dir='ltr'>patefacta</span> <span class='ocrx_word' id='word_1_128' title='bbox 805 2849 900 2924; x_wconf 91' lang='lat' dir='ltr'>sunt,</span> <span class='ocrx_word' id='word_1_129' title='bbox 923 2840 979 2911; x_wconf 85' lang='lat' dir='ltr'>vel</span> <span class='ocrx_word' id='word_1_130' title='bbox 1003 2839 1145 2913; x_wconf 83' lang='lat' dir='ltr'>futurus</span> <span class='ocrx_word' id='word_1_131' title='bbox 1169 2865 1261 2935; x_wconf 80' lang='lat' dir='ltr'>prae-</span> 
     </span>
     <span class='ocr_line' id='line_1_23' title="bbox 202 2951 1127 3047; baseline -0.006 -17"><span class='ocrx_word' id='word_1_132' title='bbox 202 2958 355 3030; x_wconf 83' lang='lat' dir='ltr'>sentium</span> <span class='ocrx_word' id='word_1_133' title='bbox 375 2957 548 3027; x_wconf 85' lang='lat' dir='ltr'>factorum</span> <span class='ocrx_word' id='word_1_134' title='bbox 568 2953 694 3046; x_wconf 91' lang='lat' dir='ltr'>aliquis</span> <span class='ocrx_word' id='word_1_135' title='bbox 710 2954 789 3023; x_wconf 87' lang='lat' dir='ltr'>finis</span> <span class='ocrx_word' id='word_1_136' title='bbox 808 2951 1127 3047; x_wconf 77' lang='lat' dir='ltr'>praesignificatur5.</span> 
     </span>
    </p>
   </div>
   <div class='ocr_carea' id='block_1_3' title="bbox 184 3131 1306 3812">
    <p class='ocr_par' dir='ltr' id='par_1_8' title="bbox 486 3131 973 3217">
     <span class='ocr_line' id='line_1_24' title="bbox 486 3131 973 3217; baseline -0.004 -19"><span class='ocrx_word' id='word_1_137' title='bbox 486 3132 563 3217; x_wconf 77' lang='lat' dir='ltr'>Gap.</span> <span class='ocrx_word' id='word_1_138' title='bbox 581 3135 613 3196; x_wconf 91' lang='lat'>6.</span> <span class='ocrx_word' id='word_1_139' title='bbox 642 3131 729 3202; x_wconf 77' lang='lat' dir='ltr'>Quid</span> <span class='ocrx_word' id='word_1_140' title='bbox 740 3132 911 3217; x_wconf 61' lang='lat' dir='ltr'>superstare</span> <span class='ocrx_word' id='word_1_141' title='bbox 923 3132 973 3196; x_wconf 79' lang='lat' dir='ltr'>sit.</span> 
     </span>
    </p>

    <p class='ocr_par' dir='ltr' id='par_1_9' title="bbox 184 3253 1306 3812">
     <span class='ocr_line' id='line_1_25' title="bbox 254 3253 1260 3348; baseline 0.003 -23"><span class='ocrx_word' id='word_1_142' title='bbox 254 3253 467 3348; x_wconf 88' lang='lat' dir='ltr'>Superstitio</span> <span class='ocrx_word' id='word_1_143' title='bbox 490 3253 608 3324; x_wconf 84' lang='lat' dir='ltr'>cultus</span> <span class='ocrx_word' id='word_1_144' title='bbox 633 3264 688 3324; x_wconf 91' lang='lat' dir='ltr'>est</span> <span class='ocrx_word' id='word_1_145' title='bbox 713 3254 757 3324; x_wconf 89' lang='lat' dir='ltr'>ad</span> <span class='ocrx_word' id='word_1_146' title='bbox 782 3253 901 3324; x_wconf 91' lang='lat' dir='ltr'>Deum</span> <span class='ocrx_word' id='word_1_147' title='bbox 924 3254 1055 3325; x_wconf 89' lang='lat' dir='ltr'>relatus</span> <span class='ocrx_word' id='word_1_148' title='bbox 1079 3255 1260 3328; x_wconf 84' lang='lat' dir='ltr'>immenso</span> 
     </span>
     <span class='ocr_line' id='line_1_26' title="bbox 203 3367 1262 3463; baseline 0.003 -23"><span class='ocrx_word' id='word_1_149' title='bbox 203 3371 355 3463; x_wconf 90' lang='lat' dir='ltr'>quodam</span> <span class='ocrx_word' id='word_1_150' title='bbox 380 3369 601 3462; x_wconf 77' lang='lat' dir='ltr'>proficiscens</span> <span class='ocrx_word' id='word_1_151' title='bbox 624 3367 781 3440; x_wconf 83' lang='lat' dir='ltr'>humano</span> <span class='ocrx_word' id='word_1_152' title='bbox 800 3368 930 3453; x_wconf 89' lang='lat' dir='ltr'>studio,</span> <span class='ocrx_word' id='word_1_153' title='bbox 948 3369 1004 3440; x_wconf 85' lang='lat' dir='ltr'>vel</span> <span class='ocrx_word' id='word_1_154' title='bbox 1022 3370 1131 3440; x_wconf 87' lang='lat' dir='ltr'>animi</span> <span class='ocrx_word' id='word_1_155' title='bbox 1157 3381 1262 3443; x_wconf 86' lang='lat' dir='ltr'>certa</span> 
     </span>
     <span class='ocr_line' id='line_1_27' title="bbox 202 3485 1306 3584; baseline 0.006 -28"><span class='ocrx_word' id='word_1_156' title='bbox 202 3486 445 3580; x_wconf 88' lang='lat' dir='ltr'>propensione,</span> <span class='ocrx_word' id='word_1_157' title='bbox 459 3509 566 3579; x_wconf 88' lang='lat' dir='ltr'>quam</span> <span class='ocrx_word' id='word_1_158' title='bbox 586 3487 694 3579; x_wconf 85' lang='lat' dir='ltr'>vulgo</span> <span class='ocrx_word' id='word_1_159' title='bbox 712 3485 841 3557; x_wconf 89' lang='lat' dir='ltr'>bonam</span> <span class='ocrx_word' id='word_1_160' title='bbox 859 3487 1096 3558; x_wconf 87' lang='lat' dir='ltr'>intentionem</span> <span class='ocrx_word' id='word_1_161' title='bbox 1113 3495 1306 3584; x_wconf 69' lang='lat' dir='ltr'>roeant17</span> 
     </span>
     <span class='ocr_line' id='line_1_28' title="bbox 184 3603 1261 3697; baseline 0.002 -23"><span class='ocrx_word' id='word_1_162' title='bbox 184 3613 240 3675; x_wconf 89' lang='lat' dir='ltr'>-et</span> <span class='ocrx_word' id='word_1_163' title='bbox 258 3613 376 3675; x_wconf 91' lang='lat' dir='ltr'>ortum</span> <span class='ocrx_word' id='word_1_164' title='bbox 395 3626 534 3696; x_wconf 84' lang='lat' dir='ltr'>semper</span> <span class='ocrx_word' id='word_1_165' title='bbox 545 3604 653 3674; x_wconf 90' lang='lat' dir='ltr'>habet</span> <span class='ocrx_word' id='word_1_166' title='bbox 671 3627 717 3674; x_wconf 86' lang='lat' dir='ltr'>ex</span> <span class='ocrx_word' id='word_1_167' title='bbox 735 3603 887 3674; x_wconf 89' lang='lat' dir='ltr'>hominis</span> <span class='ocrx_word' id='word_1_168' title='bbox 904 3604 1047 3697; x_wconf 87' lang='lat' dir='ltr'>ingenio</span> <span class='ocrx_word' id='word_1_169' title='bbox 1065 3607 1261 3697; x_wconf 89' lang='lat' dir='ltr'>separatim</span> 
     </span>
     <span class='ocr_line' id='line_1_29' title="bbox 202 3719 1026 3812; baseline -0.004 -22"><span class='ocrx_word' id='word_1_170' title='bbox 202 3721 277 3791; x_wconf 88' lang='lat' dir='ltr'>sine</span> <span class='ocrx_word' id='word_1_171' title='bbox 295 3719 557 3812; x_wconf 85' lang='lat' dir='ltr'>Scripturamm</span> <span class='ocrx_word' id='word_1_172' title='bbox 576 3721 775 3790; x_wconf 89' lang='lat' dir='ltr'>divinarum</span> <span class='ocrx_word' id='word_1_173' title='bbox 794 3719 1026 3791; x_wconf 83' lang='lat' dir='ltr'>authoritate.</span> 
     </span>
    </p>
   </div>
   <div class='ocr_carea' id='block_1_4' title="bbox 346 3914 1111 4002">
    <p class='ocr_par' dir='ltr' id='par_1_10' title="bbox 346 3914 1111 4002">
     <span class='ocr_line' id='line_1_30' title="bbox 346 3914 1111 4002; baseline -0.005 -20"><span class='ocrx_word' id='word_1_174' title='bbox 346 3917 426 4002; x_wconf 79' lang='lat' dir='ltr'>Gap.</span> <span class='ocrx_word' id='word_1_175' title='bbox 446 3934 474 4000; x_wconf 92' lang='lat'>7.</span> <span class='ocrx_word' id='word_1_176' title='bbox 502 3916 648 3981; x_wconf 63' lang='lat' dir='ltr'>Paeana</span> <span class='ocrx_word' id='word_1_177' title='bbox 663 3916 697 3979; x_wconf 80' lang='lat' dir='ltr'>in</span> <span class='ocrx_word' id='word_1_178' title='bbox 711 3917 759 3980; x_wconf 76' lang='lat' dir='ltr'>lis</span> <span class='ocrx_word' id='word_1_179' title='bbox 774 3914 954 3980; x_wconf 80' lang='lat' dir='ltr'>criminibus</span> <span class='ocrx_word' id='word_1_180' title='bbox 968 3916 1111 3999; x_wconf 61' lang='lat' dir='ltr'>fficium.</span> 
     </span>
    </p>
   </div>
   <div class='ocr_carea' id='block_1_5' title="bbox 253 4038 1262 4133">
    <p class='ocr_par' dir='ltr' id='par_1_11' title="bbox 253 4038 1262 4133">
     <span class='ocr_line' id='line_1_31' title="bbox 253 4038 1262 4133; baseline 0.006 -25"><span class='ocrx_word' id='word_1_181' title='bbox 253 4038 417 4109; x_wconf 90' lang='lat' dir='ltr'>Pastores</span> <span class='ocrx_word' id='word_1_182' title='bbox 448 4038 637 4133; x_wconf 84' lang='lat' dir='ltr'>diligenter</span> <span class='ocrx_word' id='word_1_183' title='bbox 667 4038 838 4132; x_wconf 91' lang='lat' dir='ltr'>populum</span> <span class='ocrx_word' id='word_1_184' title='bbox 869 4039 1192 4112; x_wconf 80' lang='lat' dir='ltr'>commonefaciant</span> <span class='ocrx_word' id='word_1_185' title='bbox 1217 4054 1262 4115; x_wconf 88' lang='lat' dir='ltr'>ut</span> 
     </span>
    </p>
   </div>
   <div class='ocr_carea' id='block_1_6' title="bbox 246 4207 1217 4383">
    <p class='ocr_par' dir='ltr' id='par_1_12' title="bbox 246 4207 1217 4383">
     <span class='ocr_line' id='line_1_32' title="bbox 246 4207 1217 4290; baseline 0.006 -20"><span class='ocrx_word' id='word_1_186' title='bbox 246 4213 510 4290; x_wconf 88' lang='lat' dir='ltr'>¹conquestionem.</span> <span class='ocrx_word' id='word_1_187' title='bbox 566 4209 620 4273; x_wconf 89' lang='lat' dir='ltr'>²et</span> <span class='ocrx_word' id='word_1_188' title='bbox 635 4234 687 4271; x_wconf 85' lang='lat' dir='ltr'>om.</span> <span class='ocrx_word' id='word_1_189' title='bbox 748 4211 916 4271; x_wconf 77' lang='lat' dir='ltr'>³omnibus.</span> <span class='ocrx_word' id='word_1_190' title='bbox 976 4207 1217 4276; x_wconf 84' lang='lat' dir='ltr'>⁴delimatorum.</span> 
     </span>
     <span class='ocr_line' id='line_1_33' title="bbox 595 4291 859 4383; baseline 0.008 -32"><span class='ocrx_word' id='word_1_191' title='bbox 595 4291 859 4383; x_wconf 68' lang='lat' dir='ltr'>‘pemignificatur.</span> 
     </span>
    </p>
   </div>
   <div class='ocr_carea' id='block_1_7' title="bbox 0 0 1350 4800">
    <p class='ocr_par' dir='ltr' id='par_1_13' title="bbox 0 0 1350 4800">
     <span class='ocr_line' id='line_1_34' title="bbox 0 0 1350 4800; baseline 0 0"><span class='ocrx_word' id='word_1_192' title='bbox 0 0 1350 4800; x_wconf 95' lang='lat' dir='ltr'> </span> 
     </span>
    </p>
   </div>
  </div>
 </body>
</html>
