2640 4806
63 428 177 519 mgb·
209 427 379 518 expedire
407 430 523 496 risum
554 429 674 509 inerit,
699 425 805 497 ulvis
832 447 974 518 semper
1003 423 1094 495 nobis

62 542 224 613 eetleriae
252 545 400 613 decimis
427 546 525 637 prim
548 546 689 623 untia
714 565 759 613 ae
781 542 922 636 patroni
950 540 1095 612 eeclesia

57 662 139 749 jure
160 678 379 730 mnaso

126 872 206 958 Cap.
222 894 251 936 1.
276 869 1040 937 affirmanda-’tumme

111 1008 165 1081 [ἰ
182 1011 281 1080 verbi
300 1010 369 1081 Dei
385 1013 542 1105 cognitio
557 1012 752 1080 retinoetnr
766 1010 804 1079 iu
821 1008 994 1091 Foeloeia,
1010 1006 1096 1100 quod

58 1127 193 1219 arsque
216 1128 416 1221 linguarum
433 1130 561 1220 peritia
576 1130 637 1197 rix
658 1127 735 1197 lieri
756 1136 887 1220 potest,
904 1136 949 1197 nt
966 1126 1096 1196 inscitia

60 1243 156 1314 iuter
178 1260 317 1314 nostros
332 1245 504 1325 homines,
519 1256 558 1314 et
574 1244 769 1337 prasertim
783 1244 966 1314 ministros
983 1240 1097 1313 Eecle·

57 1361 118 1430 sire
134 1385 206 1430 non
225 1376 363 1455 regnet,
380 1361 541 1431 doctriua
556 1360 684 1431 deiude
704 1382 784 1452 qne
798 1360 935 1430 donum
952 1357 1097 1452 Spiritus

56 1480 170 1548 saneti
194 1492 250 1548 est
272 1496 439 1570 utquam
460 1477 630 1547 latiffiime
651 1484 873 1570 propagetur,
888 1486 930 1545 et
952 1475 1096 1566 denique

56 1604 98 1661 nt
120 1593 277 1663 feliciora
297 1595 438 1687 ingenis
459 1592 639 1662 literarum
657 1593 880 1663 institutione
900 1592 1097 1663 nutriantur

55 1722 95 1779 et
110 1722 280 1790 creseunt,
299 1709 463 1780 volumus
479 1720 521 1778 nt
536 1705 708 1800 quaelibet
725 1703 875 1777 ecelesia
889 1706 1095 1777 eatbedralis

57 1849 122 1917 per
142 1829 345 1897 uuiversum
371 1836 532 1894 nostrum
554 1845 701 1916 reguum
723 1820 880 1892 sobolum
904 1822 1045 1905 habeut,
1061 1831 1095 1892 ut

55 1943 156 2033 pueri
182 1943 242 2034 qui
264 1944 377 2034 prima
394 1944 473 2033 jam
500 1939 677 2009 elementa
702 1946 959 2030 praeoeptorum
984 1937 1095 2009 tahon

55 2058 317 2149 perdidicerunt
334 2060 370 2127 in
389 2056 519 2128 scholis
536 2055 685 2150 publicis
700 2054 866 2146 deinceps
884 2054 1094 2125 erudiantur.

55 2173 180 2265 Atque
201 2174 336 2244 deeuno
353 2186 391 2243 et
413 2171 569 2265 capitulo
592 2173 661 2242 erit
676 2194 778 2253 enrae,
795 2181 838 2240 ut
854 2169 911 2240 vel
934 2194 982 2241 ex
1006 2193 1095 2241 oom-

55 2291 221 2360 muuibus
247 2289 407 2359 ecelesiae
429 2288 637 2370 redditibus,
654 2284 711 2356 vel
734 2310 781 2356 ex
804 2286 953 2378 propriis
975 2286 1094 2358 fructi

54 2405 120 2475 bus
137 2406 412 2498 praebendarum,
427 2404 566 2498 singulo
587 2424 729 2494 quoque
744 2424 836 2472 auno
854 2402 982 2495 viginti
999 2401 1094 2474 libre

54 2534 286 2592 numerentur
310 2522 573 2615 ludimagistro3
603 2529 666 2590 aut
686 2520 715 2589 si
736 2518 804 2589 hoe
825 2517 902 2589 lieri
923 2542 996 2607 uon
1021 2542 1094 2611 pos-

52 2639 109 2718 sit,
139 2650 236 2708 eerta
269 2639 387 2731 aliqua
419 2637 610 2731 praebenda
640 2637 685 2706 ad
718 2634 786 2706 hoe
820 2635 1029 2720 destinetur,
1057 2643 1093 2705 ut

53 2753 179 2849 integri
205 2758 280 2848 ejus
301 2758 437 2828 fmetus
457 2755 585 2827 sclrolae
604 2754 812 2848 praeeeptori
832 2754 974 2824 cedant.
1027 2753 1093 2838 Qui

53 2867 137 2940 lieet
159 2893 181 2938 a
202 2873 274 2942 suis
297 2872 477 2964 discipulis
498 2871 632 2941 nullam
657 2869 854 2939 mercedem
878 2869 1006 2960 capiat,
1027 2891 1093 2939 nou

51 2993 172 3055 tamen
189 2987 434 3079 prohibebitur
453 3012 475 3059 a
492 2987 678 3058 ditioribus
698 2986 857 3078 accipere
877 2985 1012 3077 siquid
1037 2985 1094 3055 ob-

52 3097 220 3183 tulerint;
249 3126 271 3171 a
287 3104 551 3196 pauperioribus
569 3100 669 3172 vero¹
694 3101 944 3171 nihilomnino
969 3108 1093 3179 sumet,

51 3237 132 3285 cum
164 3219 320 3289 maxime
353 3220 397 3290 ad
429 3243 551 3290 eorum
585 3220 740 3311 inopiam
773 3215 1027 3289 sublevandam
1059 3219 1095 3287 iu

50 3331 208 3402 ecelesiis
229 3333 298 3405 hoe
319 3336 521 3407 institutum
544 3334 673 3404 servari
698 3331 985 3405 decreverimus2.

183 3545 259 3631 (lap.
274 3566 303 3612 2.
329 3552 359 3612 A
376 3571 433 3634 quo
446 3548 553 3613 schoht
560 3555 732 3634 preceptor
744 3549 785 3611 sit
798 3545 961 3631 dipendio.

101 3679 327 3752 Examinatio
357 3694 394 3752 et
420 3684 584 3755 admissio
615 3683 848 3777 ludimagistri
881 3682 928 3752 ad
962 3683 1095 3775 episeo-

49 3815 135 3885 pum
166 3797 352 3886 pertineat,
380 3799 539 3890 quamvis
569 3799 606 3867 in
635 3797 810 3890 aliquibus
839 3796 998 3869 eeclesiis
1027 3799 1096 3869 for·

50 3908 150 3979 tassis
183 3909 286 3979 aliter
320 3912 426 3984 fuerit
461 3915 632 3984 haetenus
666 3915 909 3984 constitutum.
972 3914 1018 3985 In
1052 3937 1094 3985 eo

50 4044 131 4094 vero
167 4025 345 4115 probando
376 4026 449 4097 haee
480 4028 637 4120 inprimis
672 4029 912 4099 observentur.
971 4027 1028 4100 Sit
1057 4029 1094 4099 iu

48 4142 250 4233 evangeliea
280 4141 439 4214 doctrine
464 4146 631 4228 sincerus,
657 4146 814 4216 moribus
839 4146 996 4240 integris,
1021 4146 1095 4216 vita

678 4276 690 4312 ²
705 4282 889 4339 decrevimus.
