2692 4800
509 310 558 360 nu
579 308 823 361 runasnonn.
875 307 959 359 cr.
1147 293 1194 364 73

175 549 255 636 Gap.
271 568 302 635 3.
331 548 411 620 Quoe
424 544 566 635 beneficio
574 555 700 633 poenam
714 545 750 609 in
764 566 847 610 omae
861 555 976 632 tempus
983 546 1169 631 pomoeri.

196 670 451 743 Ecclesiastiea
467 668 640 740 beneficia
657 691 735 761 quoe
758 669 807 739 sic
829 677 1032 761 comparata
1055 678 1138 741 sunt
1154 678 1197 741 ut

148 787 308 862 ecclesiae
328 785 382 858 vel
401 784 550 880 collegia
564 786 625 879 jus
647 782 771 855 inillis
791 786 1015 879 proprietatis
1031 784 1197 870 habeant,

150 906 404 977 ordinariorum
420 901 630 996 interposita
646 886 714 972 rite
731 904 920 986 sententia,
936 903 1197 997 permutatione

151 1029 296 1114 possunt
313 1021 351 1091 in
376 1041 482 1090 omne
507 1026 648 1113 tempus
674 1018 719 1090 ab
744 1041 816 1090 una
838 1018 1008 1090 societate
1031 1019 1067 1090 in
1091 1019 1197 1092 aliam

151 1137 344 1209 transferri.

229 1350 311 1437 (lap.
327 1369 358 1433 4
381 1349 583 1426 Permutatio,
598 1347 626 1412 si
640 1346 790 1437 bonafide
804 1347 945 1437 eonfiat,
960 1347 1048 1414 nulls
1062 1358 1111 1414 ost.

197 1471 555 1565 Quoniam-iniquum
573 1478 628 1541 est
649 1469 811 1542 homines
834 1472 869 1542 in
889 1495 932 1542 eo
951 1470 1196 1544 circumveniri

151 1589 243 1684 quod
261 1587 332 1659 illis
354 1611 418 1682 pro
439 1585 612 1660 beneficio
630 1586 691 1679 jus
713 1586 885 1680 indulget,
903 1587 1099 1680 praesertim
1117 1611 1199 1659 cum

149 1716 313 1780 sanctum
337 1713 392 1778 est
417 1727 530 1777 causae
553 1726 677 1799 genus,
695 1712 732 1775 et
755 1704 799 1775 ad
819 1702 1016 1775 Ecclesiam
1034 1705 1200 1797 pertinet,

146 1823 369 1895 instituimus
385 1830 427 1892 ut
444 1821 582 1914 quoties
599 1818 779 1890 beneficiis
800 1817 1046 1891 ecclesiasticis
1063 1843 1200 1892 cessum

147 1950 215 2025 est,
233 1939 263 2012 si
280 1961 381 2010 veros
404 1938 449 2009 ad
473 1937 634 2007 dominos
652 1942 690 2005 et
710 1935 1012 2030 permutationum
1034 1936 1202 2008 authores

145 2081 221 2133 non
231 2053 521 2152 perveniant,sed
532 2052 577 2125 ad
588 2051 675 2123 alios
685 2060 803 2123 astute
814 2051 1081 2147 detorquentur,
1088 2054 1202 2127 omnia

146 2173 355 2267 hujusmodi
379 2171 474 2242 naus
496 2193 577 2262 quae
602 2191 673 2238 non
696 2169 839 2241 directis
864 2169 957 2254 fidei,
982 2170 1044 2242 sed
1070 2170 1202 2241 fraudis

149 2290 304 2384 obliquis
329 2288 396 2358 viis
419 2286 562 2369 incedit,
583 2308 723 2379 prorsus
746 2284 902 2370 tollatur,
921 2295 958 2358 et
984 2287 1028 2358 ad
1051 2288 1202 2359 nihilum

150 2407 298 2490 recidat,
321 2403 481 2496 talesque
506 2404 785 2498 permutationes
810 2405 975 2477 omnibus
999 2406 1114 2478 modis
1139 2430 1202 2499 pro

152 2523 261 2595 nullis
277 2520 485 2593 habeantur.

455 2954 524 3026 DE
551 2954 906 3030 PURGATIONE.

316 3144 392 3239 slep.
407 3165 432 3209 1.
459 3145 523 3209 Cur
539 3144 673 3231 lepitim
679 3147 828 3232 perpetio
842 3148 882 3213 tit
896 3147 1049 3213 instituto.

205 3266 382 3352 Quoniam
401 3289 524 3337 omnes
545 3266 641 3361 leges
664 3276 702 3337 et
727 3267 893 3340 instituta
909 3269 1042 3340 debent
1064 3271 1108 3341 ad
1130 3270 1205 3343 haec

157 3385 227 3457 duo
261 3384 378 3476 capita
409 3382 541 3466 referri,
573 3385 683 3455 virtus
713 3392 755 3455 ut
790 3386 1054 3458 venerationem
1083 3395 1122 3458 et
1151 3411 1205 3459 re-

157 3501 438 3573 munerationem
456 3500 597 3582 habeat‚
616 3501 742 3571 vitium
759 3515 802 3572 ut
825 3502 1041 3574 contumelia
1060 3513 1206 3576 notetur

157 3628 194 3687 et
215 3615 399 3710 supplicio,
420 3617 720 3709 quemadmodum
738 3617 793 3689 lris
816 3617 954 3713 legibus
977 3620 1105 3692 nostris
1127 3644 1207 3714 pro-

157 3741 320 3805 curatum
337 3742 401 3815 est,
419 3733 586 3804 nimirum
603 3732 777 3804 malorum
795 3745 837 3805 ut
857 3735 1064 3828 improbitas
1086 3760 1206 3830 poena-

156 3872 236 3921 rum
256 3847 450 3921 acorbitate
467 3850 715 3934 devinciretur,
733 3851 784 3922 ita
805 3874 901 3923 nnnc
922 3862 1063 3945 tempus
1083 3862 1139 3924 est
1161 3855 1206 3926 ad

157 3966 352 4039 secundum
378 3975 418 4037 ut
444 3966 710 4048 descendamus,
736 3967 872 4040 scilieet
896 3977 939 4039 ut
963 3967 1205 4043 defensionem

158 4092 195 4155 et
215 4083 419 4177 praesidium
443 4083 653 4155 innocentiae
676 4107 920 4178 comparemus
941 4094 978 4156 et
999 4085 1206 4180 integritati.

158 4199 389 4273 Tolerabilius
414 4202 508 4271 enim
534 4210 588 4272 est
615 4225 715 4272 reum
739 4203 922 4295 praeteriri,
940 4227 1047 4294 quam
1072 4205 1205 4276 bonurn
1250 4261 1252 4265 .

160 4317 413 4400 circumveniri,
450 4341 515 4389 neo
559 4317 763 4414 diligentius
805 4318 937 4391 scelera
980 4334 1205 4414 peccatorum
