2692 4800
151 257 222 323 152
507 271 557 322 nrt
580 269 836 324 rmrsrrmrrrs.
1195 267 1242 345 oq

148 444 217 494 non
248 421 359 514 possit
388 443 532 513 operam
561 441 644 491 cum
677 419 756 491 eliis
789 441 889 491 suum
924 420 1197 502 communicare,

147 533 290 628 reliquis
319 535 442 608 licebit
471 545 588 607 totum
618 541 834 628 pertractare
863 542 1136 616 testamentum,
1160 543 1199 606 et

147 673 270 722 omnes
287 673 343 722 res
359 651 403 721 ed
428 651 566 722 exitum
589 652 793 744 perducere.
846 648 928 723 Nec
952 650 1051 721 eninr
1078 658 1198 722 tutum

146 778 210 838 uut
234 790 377 859 aequum
404 776 460 838 est
484 774 697 838 testatorum
715 765 939 839 voluntatem
960 788 1011 839 ex
1027 788 1105 837 uno
1119 765 1199 839 reli·

146 892 266 977 gutum
284 882 346 952 diu
364 883 539 976 suspendi,
557 891 596 953 et
613 905 668 954 res
685 883 762 975 ejus
779 883 931 955 incertas
948 881 1117 975 relinqui.

189 1094 266 1180 (lep.
282 1097 335 1181 3⁶·
358 1096 406 1160 Do
419 1093 631 1160 succesoribus
644 1094 800 1161 terem
817 1104 845 1162 a
861 1094 1163 1163 mrumst.

197 1232 317 1317 Quum
341 1233 497 1305 solitaria
516 1232 645 1304 mulier
662 1235 783 1326 (quam
801 1233 944 1304 viduam
961 1231 1198 1326 appellamus)

145 1347 202 1421 vel
228 1348 343 1420 haeres
367 1348 423 1420 vel
448 1350 620 1421 bonorum
645 1349 925 1420 administratrix
947 1349 1118 1421 institute
1141 1349 1198 1432 sit,

144 1476 183 1538 et
200 1466 324 1537 eedem
342 1475 423 1559 post
441 1467 555 1536 virum
572 1466 771 1559 sumpserit,
790 1467 855 1549 uir,
871 1467 946 1537 sire
963 1474 1111 1537 mortua
1125 1466 1198 1537 sire

144 1583 334 1675 superstite
351 1584 510 1677 conjuge,
525 1605 589 1675 per
599 1583 759 1676 judicem
775 1583 836 1675 qui
853 1582 1197 1653 administrationem

145 1698 202 1769 vel
227 1701 506 1792 exequutionem
529 1697 627 1768 illum
653 1697 841 1780 commisit,
865 1697 1032 1768 trudetur
1052 1696 1100 1768 ud
1123 1719 1198 1768 om·

144 1837 227 1885 nem
244 1817 424 1887 testatoris
440 1813 657 1908 implendam
676 1813 908 1885 voluntatem.
953 1812 1003 1883 Et
1018 1811 1090 1884 boc
1106 1812 1198 1885 udeo

143 1932 181 2000 in
206 1932 370 2003 omnibns
396 1930 565 2027 legitimis
590 1931 774 2001 haeredum
791 1938 830 2000 et
850 1926 1196 2000 administratorum¹

143 2047 401 2118 successoribus
426 2046 539 2116 teneri
558 2045 734 2130 volumus,
753 2054 792 2116 et
817 2066 1038 2138 quecunque
1061 2046 1198 2138 priores

143 2186 250 2234 onera
267 2173 562 2234 testamentorum
580 2161 828 2257 agnoscebant,
846 2161 971 2232 eadem
991 2160 1199 2256 intelligunt

143 2279 354 2370 posteriores
387 2278 432 2349 ad
463 2300 501 2348 se
530 2279 719 2370 pertinere,
745 2286 920 2370 quantum
950 2277 1099 2369 quidem
1128 2277 1198 2350 hoc

143 2394 308 2488 angustia
332 2393 505 2465 bonorum
531 2403 570 2465 et
595 2393 843 2464 haereditatum
869 2392 945 2463 lieri
968 2392 1064 2464 sinet
1085 2394 1133 2466 ad
1158 2415 1198 2466 se

144 2532 354 2604 quacunque
370 2511 507 2581 ratione
524 2508 752 2603 perlatorum.

202 2723 279 2810 (inp.
291 2743 343 2809 37.
367 2722 514 2787 Heredes
528 2722 720 2787 diuersarum
734 2720 905 2786 dt’oocesium
919 2720 1145 2806 quomodojuro

559 2825 782 2890 convenientur.

210 2965 331 3050 Quum
366 2964 484 3056 plnres
517 2963 674 3034 heredes
712 2962 756 3033 ad
794 2983 904 3031 unum
939 2971 1196 3033 testamentum

145 3077 391 3157 confluxerint,
414 3075 499 3146 licet
522 3075 557 3145 in
583 3076 652 3145 oris
680 3076 825 3145 diversis
852 3082 890 3144 et
918 3074 1138 3159 dioeoesibus,
1157 3085 1197 3147 ut

145 3201 285 3277 vocant,
310 3192 421 3262 dissiti
449 3193 531 3275 sint,
558 3201 680 3262 temen
705 3190 750 3261 ad
781 3189 882 3260 illum
906 3190 1066 3281 judicem
1095 3214 1198 3264 revo-

145 3308 330 3390 cabuntur,
370 3309 430 3399 qui
472 3315 725 3378 testamentum
768 3305 1001 3387 confirmavit,
1041 3316 1080 3378 et
1120 3310 1197 3402 ejus

145 3424 361 3494 authoritate
385 3423 580 3516 suscipient
596 3424 715 3493 omnia
737 3444 896 3505 munera,
914 3442 1135 3515 quaecunque
1151 3425 1195 3495 ad

144 3540 325 3611 haeredum
349 3538 454 3610 fidem
478 3549 516 3610 et
540 3522 695 3621 cilitium
717 3540 908 3633 pertinent.
963 3539 1068 3624 Quod
1086 3541 1196 3612 etiam

145 3657 190 3728 de
208 3657 380 3727 bonorum
398 3655 740 3726 administratoribus
757 3655 909 3748 intelligi
927 3655 1102 3727 volumus.

219 3867 296 3953 Cup.
313 3868 365 3952 38.
395 3866 547 3937 Quomodo
563 3868 643 3930 ratio
657 3867 701 3930 sit
713 3865 751 3931 ab
766 3867 938 3932 herodibus
952 3867 1119 3934 reddendo.

196 4008 373 4080 Ordinerii
391 4007 447 4077 vel
465 4007 523 4078 alii
543 4009 745 4101 quicunque
755 4009 905 4101 judices,
924 4010 1052 4103 quibus
1071 4009 1193 4081 conlit-

145 4150 242 4198 mare
276 4125 360 4196 licet
394 4147 435 4194 ac
469 4126 674 4218 consignare
716 4136 941 4210 testamenta,
977 4122 1191 4219 quibusque²

229 4263 235 4301 ¹
253 4274 282 4323 ct
296 4265 558 4322 administratorum
573 4284 623 4321 om.
754 4306 761 4315 .
822 4259 834 4298 ²¹
849 4265 950 4339 quibus
965 4265 1113 4322 bonorum.
