2692 4800
146 273 219 339 282
479 287 527 337 nn
551 284 847 338 nxcnrnrorrrnns

405 1015 474 1087 DE
505 1014 925 1088 nxcnPrIONIBUS.

443 1229 520 1314 Cep.
535 1250 562 1293 1.
584 1229 730 1316 Exceptio
744 1229 822 1314 qnid
831 1229 881 1295 sit.

193 1377 367 1469 Exceptio
394 1385 449 1447 est
477 1375 643 1459 defensio,
670 1400 739 1469 qne
765 1383 958 1446 conventus
987 1376 1026 1445 in
1047 1375 1180 1468 jndicio

142 1502 291 1566 conetur
317 1502 482 1587 agentem
508 1517 529 1564 a
553 1516 591 1564 se
616 1492 802 1586 depellere,
827 1502 934 1586 atque
963 1492 1011 1564 eb
1043 1493 1179 1563 actione

142 1611 199 1681 vel
222 1611 298 1703 ejus
321 1609 452 1681 effectu
472 1609 669 1681 excludere.

275 1818 354 1904 Gap.
369 1837 398 1882 2.
421 1817 617 1902 Empticius
625 1815 836 1904 pompm
848 1823 877 1879 et
889 1814 1054 1881 dilatorioe.
1195 1833 1225 1898 ยน3

192 1955 443 2050 Peremptoriae
467 1942 704 2049 exceptiones,
721 1957 750 2027 si
775 1954 980 2048 probentur,
1002 1965 1179 2048 susceptas

140 2073 297 2142 actiones
314 2095 375 2142 seu
393 2072 474 2143 lites
489 2072 630 2165 penitus
647 2069 798 2142 tollunt:
825 2069 993 2141 dilatoriae
1005 2093 1087 2141 vero
1104 2069 1179 2141 illos

140 2197 279 2258 tantum
299 2188 475 2260 differunt.
528 2187 577 2258 Et
597 2187 690 2258 inter
707 2187 887 2258 dilatorias
910 2185 1038 2279 aliquae
1063 2185 1180 2281 appel-

140 2305 260 2376 lantur
292 2305 539 2390 declinatoriae,
569 2314 825 2398 sumunturqne
857 2304 903 2375 ob
936 2305 1177 2377 observatione

133 2421 389 2513 judiciorumn
411 2424 547 2493 ratione
572 2445 808 2514 personarum,
835 2421 913 2505 loci,
939 2433 977 2492 et
1002 2421 1177 2529 ternporis,

139 2560 180 2607 ac
197 2539 366 2630 rescripti,
385 2540 422 2608 et
433 2539 610 2631 judicium
626 2547 798 2608 conentur
815 2536 999 2609 declinere.

313 2750 390 2836 Cap.
403 2770 435 2835 3.
459 2752 653 2834 Eeocptiones
668 2749 764 2814 rocks
779 2761 807 2814 er
814 2749 999 2836 personales.

189 2891 317 2961 Reales
347 2891 575 2981 exceptiones
604 2890 654 2959 ita
683 2889 797 2972 rebus,
825 2888 1023 2981 dequibus
1054 2889 1178 2982 egitur,

137 3005 324 3088 cohaerent,
350 3015 392 3075 ut
417 3007 461 3075 ed
489 3027 612 3076 omnes
640 3004 718 3076 illos
746 3005 988 3091 devolventur,
1017 3006 1062 3075 ed
1092 3027 1179 3097 quos

137 3145 192 3191 res
215 3123 469 3205 extenduntur,
488 3122 532 3190 de
559 3121 686 3212 quibus
709 3123 835 3215 egitur.
887 3121 1060 3214 Exceptio
1084 3121 1177 3191 enim

137 3261 213 3327 quae
247 3239 413 3309 convenit
439 3262 511 3321 rec,
537 3240 704 3308 convenit
732 3239 841 3308 etiarn
871 3238 945 3330 ejus
975 3238 1177 3329 fidejussori.

137 3352 346 3423 Personeles
369 3363 491 3425 autem
515 3356 565 3426 sic
586 3364 683 3425 certe
699 3355 803 3426 alicui
821 3377 975 3448 personae
996 3364 1079 3425 sunt
1101 3376 1177 3446 pro-

135 3468 232 3558 priae,
251 3477 292 3537 nt
309 3468 353 3538 ed
372 3469 460 3540 alios
481 3494 551 3542 non
571 3480 762 3542 transeant.

188 3679 265 3762 Cep.
274 3701 306 3761 4.
328 3682 526 3765 Exceptioncs
534 3684 752 3769 perceptorioe
764 3705 879 3769 semper
886 3690 1012 3768 possem
1024 3681 1122 3767 objici.

184 3814 425 3908 Exceptiones
449 3822 693 3912 peremptoriae
720 3831 802 3891 sunt
827 3830 1016 3913 perpetuae.
1080 3819 1173 3890 Nom

131 3950 271 4021 semper
296 3933 439 4004 obstent
468 3937 667 4029 agentibus
695 3960 809 4028 neque
835 3936 905 4006 illis
933 3937 1172 4028 praescribitur,

132 4065 203 4133 quo
247 4049 362 4119 minus
403 4052 439 4118 in
479 4054 575 4121 omni
617 4062 716 4143 perte
749 4053 874 4143 judicii
918 4052 1026 4122 sotori
1071 4051 1170 4143 objici

133 4158 282 4229 valeant.
