2692 4800
147 275 221 340 302
465 288 515 339 ne
540 287 885 341 commoveremur.
1231 296 1282 370 eg

144 467 250 537 quam
277 453 331 515 est
356 443 609 515 deferendum:
635 466 751 536 neque
775 445 969 538 recipietur
992 446 1199 540 appellatio,

144 563 284 655 quando
310 571 474 634 anostra
500 561 596 655 regia
621 562 807 653 majestate
831 584 937 634 causa
966 563 1202 661 subdelegatos

146 687 200 749 est
218 679 284 748 sub
301 678 504 748 conditione
521 686 562 747 ut
579 677 662 748 inde
681 700 752 749 non
769 677 981 770 appelletur.

211 901 288 986 (lap.
302 922 350 967 10.
387 901 518 970 Quando
540 911 610 966 ante
630 901 811 965 seutentiam
832 900 1024 984 definitivam
1045 901 1139 969 liccat

389 1003 545 1090 appellare
564 1003 597 1068 io
616 1003 718 1068 murce
738 1001 960 1068 exlctiunicic.

197 1141 239 1211 In
270 1143 382 1213 causis
410 1140 657 1212 ecclesiasticis
686 1149 770 1212 ante
797 1141 1012 1213 sententiam
1042 1143 1201 1216 defiuiti-

145 1280 225 1329 vam
259 1256 437 1350 appellare
470 1257 544 1326 sive
578 1257 760 1349 querelare
800 1256 1041 1348 prohibemus,
1076 1260 1146 1330 nisi
1179 1283 1201 1330 a

144 1374 322 1445 sententia
350 1394 576 1442 censurarum
610 1380 674 1442 aut
704 1373 941 1456 correctionis,
972 1374 1035 1444 ubi
1070 1375 1199 1446 modus

145 1489 349 1572 excedatur,
383 1496 448 1558 aut
476 1487 679 1581 ubicunque
707 1488 877 1559 damnum
911 1497 975 1560 aut
1007 1512 1200 1584 gravamen

145 1605 285 1676 illatum
314 1627 377 1697 por
403 1603 678 1697 appellationem
705 1628 727 1675 a
752 1604 937 1676 definitiva
962 1628 1033 1676 non
1063 1615 1120 1677 eat
1147 1629 1201 1679 re·

145 1720 311 1814 parabile.
363 1719 407 1790 In
424 1721 552 1813 quibus
573 1721 712 1791 casibus
733 1718 913 1814 appellare
932 1729 972 1790 et
988 1721 1099 1792 etiam
1116 1745 1201 1815 que-

145 1837 258 1908 relare
274 1846 359 1907 ante
376 1839 590 1909 sententiam
608 1836 827 1909 definitivam
846 1836 979 1907 licebit.

353 2043 431 2130 Gap.
445 2064 493 2107 11.
518 2044 582 2124 Quo
596 2044 702 2110 ordino
716 2042 934 2130 appellandum
945 2043 995 2108 cit.

195 2189 256 2260 Ab
281 2190 545 2275 archidiaconis,
565 2192 716 2275 decanis,
739 2201 777 2262 et
801 2190 867 2275 his,
890 2192 952 2285 qui
978 2200 1064 2263 sunt
1088 2190 1199 2264 infra¹

146 2306 362 2398 pontificiam
393 2307 617 2401 dignitatem,
644 2315 683 2377 et
703 2307 987 2399 jurisdictionem
1019 2307 1202 2378 ecclesias·

146 2423 253 2493 ticam
288 2422 431 2506 habent,
464 2424 508 2494 ad
544 2425 748 2518 episcopum
786 2423 894 2495 liceat
932 2423 1121 2516 appellare,
1155 2423 1200 2494 ab

145 2539 310 2630 episcopo
336 2540 380 2608 ad
407 2541 719 2633 archiepiscopum,
746 2538 791 2609 ab
821 2539 1086 2632 archiepiscopo
1117 2562 1199 2609 vero

145 2655 188 2724 ad
224 2665 378 2726 nostram
414 2658 647 2748 majestatem.
712 2656 793 2738 Quo
828 2678 909 2726 cum
952 2655 1061 2725 fuerit
1095 2678 1200 2725 causa

146 2772 322 2854 devoluta,
349 2796 428 2843 eam
457 2773 513 2843 vel
544 2773 694 2843 concilio
725 2771 928 2865 provinciali
955 2768 1114 2842 definiri²
1139 2794 1200 2840 vo·

146 2889 272 2971 lomus,
301 2892 328 2959 si
359 2890 474 2983 gravis
504 2891 549 2958 sit
576 2912 690 2972 causa,
723 2889 777 2959 vel
808 2913 830 2960 a
859 2889 972 2959 tribus
1003 2896 1199 2979 quatuorve

145 3008 326 3097 episcopis,
353 3007 500 3079 anobis
526 3008 570 3075 ad
598 3006 633 3075 id
660 3005 927 3076 constituendis.
981 3003 1120 3087 Quibus
1147 3026 1199 3074 ra·

144 3123 301 3191 tionibus
327 3145 407 3192 cum
430 3144 487 3192 res
508 3121 615 3190 fuerit
638 3121 785 3192 delinita
805 3130 843 3191 et
861 3120 1033 3211 judicata,
1050 3141 1115 3211 per
1138 3143 1197 3211 ap

144 3238 373 3330 pellationem
400 3238 552 3332 amplius
582 3239 744 3331 cognosci
772 3259 843 3308 non
869 3236 1010 3328 poterit.
1068 3232 1195 3306 Obser-

145 3356 217 3424 vari
244 3365 365 3425 tamen
392 3363 517 3448 praeter
544 3354 618 3424 haec
646 3355 818 3435 volumus
837 3362 879 3422 ut
905 3354 931 3422 si
959 3374 1066 3422 causa
1090 3352 1196 3422 fuerit

144 3471 385 3564 subdelegata,
403 3494 543 3564 semper
565 3471 609 3540 ad
633 3470 923 3563 subdelegantem
947 3468 1156 3561 appelletur,
1175 3492 1196 3538 a

145 3609 215 3677 quo
243 3587 270 3655 si
298 3610 416 3656 rursus
442 3587 550 3656 fuerit
576 3585 839 3678 appellandum,
860 3585 947 3655 ordo
965 3585 1043 3675 jam
1069 3586 1195 3656 descri-

144 3712 226 3794 ptus
250 3712 485 3773 conservetur.

239 3911 316 3995 Cap.
334 3931 340 3972 ι
352 3931 380 3976 2.
406 3910 554 3990 onolacco
568 3932 589 3974 a
598 3908 745 3995 plurilus
752 3906 910 3993 judicibus
923 3905 1101 3993 appelletur.

195 4052 232 4122 Si
251 4054 369 4145 plures
383 4056 524 4146 judices
548 4057 690 4137 fuerint,
708 4056 780 4126 lata
796 4055 841 4126 ab
859 4056 909 4125 eis
932 4055 1121 4136 sententia,
1138 4052 1190 4123 vel

143 4169 345 4259 gravamine
370 4169 489 4260 aliquo
516 4171 660 4252 inflicto,
685 4194 766 4240 cum
794 4192 916 4240 omnes
941 4168 1047 4239 simul
1074 4169 1189 4240 haberi

29 4392 141 4480 'N

415 4311 423 4346 ¹
441 4310 523 4368 intra.
770 4309 782 4347 ²
796 4310 921 4368 definire.
