2692 4800
602 306 650 357 DE
675 306 770 357 FIDE.

446 561 522 647 Cap.
534 578 566 645 5.
591 559 684 625 nitri
696 569 904 625 narratorum.

202 698 379 791 Exemplo
405 700 640 791 perniciosum
666 710 732 781 est,
750 708 789 769 ut
817 699 850 770 ci
874 700 1056 790 scripturae
1081 703 1202 772 ereda·

153 826 220 898 tur,
238 838 308 907 qua
331 816 571 907 unusquisque
592 816 821 885 annotatione
845 816 983 906 propria
1003 816 1200 888 debitorem

152 932 216 1003 sibi
251 932 405 1023 aliquem
440 932 637 1001 constituit.
695 930 802 1001 Unde
837 933 1014 1001 neminem
1050 957 1095 1005 ex
1131 936 1202 1006 ania

151 1046 459 1119 subnotationibus
489 1045 600 1116 debiti
635 1046 879 1138 probationem
909 1048 1067 1138 praeberc
1101 1070 1202 1141 possc

151 1172 304 1257 oportet.
357 1161 601 1232 Mercatorum
628 1170 746 1231 tamon
770 1172 807 1232 et
830 1163 977 1233 aliorum
1004 1173 1116 1234 artem
1140 1164 1203 1234 ali·

151 1301 255 1371 quam
283 1278 511 1371 approbatam
539 1278 782 1347 exercentium
810 1278 907 1348 libris
934 1287 971 1349 et
998 1279 1200 1359 rationibus,

151 1416 233 1464 cum
263 1394 341 1464 aliis
375 1392 608 1472 adminiculis,
640 1392 781 1484 plenam
817 1394 923 1464 fidem
952 1394 1110 1465 adhiberi
1142 1418 1202 1465 vo·

151 1508 278 1580 lumua.

339 1704 415 1791 Cap.
432 1708 463 1769 6.
491 1703 606 1769 Modus
620 1704 796 1788 conficiendi
810 1705 1017 1769 irulrumcrdu.

200 1860 245 1933 In
269 1861 489 1936 conficiendo
513 1862 748 1931 instrumento
767 1861 857 1932 lianc
881 1862 1007 1932 seriam
1025 1862 1200 1932 observari

151 1980 324 2068 volumus,
354 1990 396 2051 ut
422 1978 536 2051 scriba
565 2002 646 2048 cnm
677 1980 799 2073 primia
824 2001 846 2048 a
872 1978 939 2048 Dei
966 1980 1110 2050 nomine
1140 2001 1202 2049 au-

150 2098 316 2190 spicetur,
340 2118 473 2167 annum
500 2093 644 2166 Domini
672 2095 809 2177 subdat,
836 2096 927 2189 regia
954 2117 1094 2177 nomon,
1115 2096 1220 2189 titu-⁸

150 2211 236 2292 lum,
255 2222 295 2283 et
318 2213 416 2305 regni
439 2234 582 2291 annum,
600 2210 746 2303 posthac
764 2234 920 2281 mensem
944 2220 982 2281 et
1003 2211 1096 2280 diem
1115 2211 1200 2303 ejnr,

150 2340 188 2399 et
213 2351 344 2399 nomen
371 2328 436 2399 loci
466 2328 526 2398 ubi
554 2336 755 2397 contractus
782 2327 901 2397 initur.
954 2327 1094 2397 Deinde
1124 2350 1203 2397 nar-

149 2456 275 2516 rentur
299 2469 377 2538 quae
397 2453 481 2515 aunt
502 2444 721 2536 exponenda,
740 2453 849 2514 testea
870 2444 1122 2527 adscribantur,
1139 2453 1202 2515 ant
1218 2470 1275 2515 111

149 2562 382 2634 subscribant.
440 2560 581 2630 Notarii
613 2584 754 2652 quoque
784 2560 981 2654 obsignatio
1012 2585 1093 2631 cunr
1120 2561 1203 2631 sub-

148 2679 340 2772 scriptione
356 2701 398 2748 ac
414 2677 555 2770 proprio
579 2678 679 2769 signo
698 2678 732 2746 in
753 2678 822 2748 linc
845 2678 1040 2770 adjiciatur.
1086 2678 1203 2772 Scrip-

148 2805 230 2866 tura
254 2792 391 2865 tamen¹
412 2793 529 2863 alieno
552 2791 668 2885 sigillo
693 2789 936 2860 111unita2110n
961 2792 1135 2883 minorem
1152 2793 1202 2863 fa-

147 2912 199 2982 cit
227 2911 337 2980 fidem
371 2933 477 3002 qnam
507 2910 535 2977 si
566 2910 706 3001 proprio
734 2919 826 2979 essct
856 2909 1050 3001 obsignata,
1077 2910 1105 2978 ai
1133 2908 1201 2980 hoc

145 3029 265 3121 ipsum
283 3036 320 3098 et
338 3050 443 3098 canoa
459 3027 496 3095 in
513 3026 638 3095 eadcrn
656 3026 887 3117 exprimatur.

381 3233 458 3319 (lap.
473 3250 501 3316 7.
525 3234 758 3317 ›S‘ariptarerum
775 3232 969 3318 recuperatio.

199 3376 390 3470 Scriptura·
416 3373 578 3467 legitimo
603 3374 710 3443 modo
737 3382 946 3466 comparatae
970 3372 1200 3467 senriplcnnm

146 3494 281 3566 faciant
298 3492 554 3586 probationem.

235 3701 312 3787 Cap.
326 3701 356 3763 8.
379 3701 587 3764 Inctrunrcntr
603 3698 673 3784 ipra
688 3699 850 3783 injudicio
864 3696 1028 3764 exbibenda
1041 3707 1120 3764 curat.

198 3841 441 3911 Instrumento
465 3840 607 3932 publico
632 3863 772 3910 causam
795 3863 893 3911 suain
916 3840 1125 3931 probaturus
1149 3840 1201 3933 ip-

145 3980 225 4028 sum
253 3956 421 4027 exhibeat
448 3958 482 4026 in
503 3955 650 4048 judicio.
704 3953 931 4047 Exemplaria
956 3977 1083 4047 nempe
1111 3956 1198 4025 nihil

146 4072 308 4157 sacient-³,
336 4074 402 4143 nisi
437 4073 580 4166 congrui
609 4072 742 4163 judicis
776 4071 992 4141 authoritate
1027 4073 1200 4165 descripta

144 4190 291 4262 fuerint.
344 4187 586 4258 Instrumenta
608 4187 717 4258 scnrcl
743 4189 777 4256 in
797 4185 992 4279 judiciurn⁴
1016 4188 1199 4279 producto.

188 4326 439 4405 ¹Scripturacum
454 4329 556 4388 alieno.
620 4322 763 4385 ²minutn.
818 4326 961 4385 ὃἰιιιίιιιιῑ.
1017 4325 1156 4403 ⁴judicio.
