2692 4800
481 323 529 373 on
555 323 711 375 onoma.
738 325 770 374 c.
788 327 816 386 1,
837 327 869 374 α.
1124 309 1193 375 121

265 579 344 666 Gap.
362 583 394 644 6.
417 582 468 644 De
481 580 670 665 &beandis
682 581 868 647 scholasticis
879 582 1073 669 pauperibus.

195 716 459 789 Providendum
486 728 541 789 est
564 720 673 789 etiam
692 728 734 790 nt
752 743 797 791 ex
816 720 942 815 legatis
959 724 1002 793 ad
1021 724 1095 816 pias
1113 745 1196 794 cau·

146 857 211 917 sas,
226 842 265 904 et
281 856 328 904 ex
346 834 577 927 eleemosynis
594 836 878 908 extraordinariis
895 836 1028 929 aliquid
1047 839 1196 910 subinde

146 951 365 1023 scholasticis
398 953 610 1045 pauperibus
639 954 880 1035 distribuatur,
911 953 965 1026 bis
1000 958 1194 1048 praesertim

147 1070 207 1162 qui
225 1090 369 1160 operam
387 1090 487 1139 suam
505 1068 743 1140 eeclesiastico
760 1071 955 1142 ministerio
973 1071 1196 1157 addixemnt,

127 1197 185 1259 'et
202 1196 331 1280 praeter
347 1187 401 1257 sui
419 1185 560 1280 collegii
586 1187 802 1279 stipendium
828 1187 916 1257 nihil
942 1188 1084 1270 habent,
1102 1192 1196 1281 quod

147 1315 203 1374 est
220 1325 465 1395 saepenumem
481 1303 672 1373 admodum
692 1311 811 1374 tenue.
848 1303 1025 1387 Quoniam
1044 1308 1072 1376 si
1091 1308 1197 1376 ratio-

146 1420 253 1491 nibus
270 1418 324 1488 his
342 1442 413 1489 non
431 1419 618 1488 foveantur
633 1426 672 1489 et
688 1420 891 1490 excitentur
907 1421 1048 1491 illorum
1070 1423 1195 1506 studia,

147 1535 253 1606 facile
270 1558 350 1606 suas
367 1534 568 1606 voluntates
585 1533 628 1604 ad
648 1534 716 1605 alia
733 1536 1004 1628 detorquebunt,
1023 1546 1060 1609 et
1085 1538 1197 1609 eccle·

146 1654 199 1723 aia
215 1652 386 1722 ministris
403 1652 494 1744 aptis
512 1651 738 1721 destituetur.

544 1926 605 1935 -ω
630 1927 777 1935 .--—·--·-.

511 2107 579 2177 DE
606 2107 834 2181 DECIMIS.

354 2410 356 2415 Ι
400 2319 477 2404 (lap.
494 2341 518 2381 r.
542 2319 688 2383 Docimus
702 2340 766 2383 oeae
779 2317 943 2384 soluendus.

199 2461 377 2546 Quoniam
412 2457 588 2529 Dominus
621 2467 741 2530 noster
773 2457 878 2530 Jesus
909 2457 1071 2528 Christus
1106 2455 1196 2527 hanc

146 2581 225 2672 ipse
246 2578 362 2673 legem
387 2576 545 2658 sancivit,
564 2585 605 2646 ut
623 2578 683 2668 qui
701 2576 898 2646 doctrinam
923 2576 1017 2645 inter
1036 2574 1197 2644 homines

146 2693 324 2789 evangelii
342 2691 560 2778 conserunt¹‚
579 2717 623 2764 ex
642 2693 790 2765 docendi
809 2692 928 2763 labore
945 2691 1104 2785 praesidia
1117 2693 1198 2761 vitae

146 2820 299 2893 metant,
333 2819 371 2880 et
405 2808 563 2902 ejusdem
600 2810 744 2881 Domini
789 2811 899 2880 nostri
936 2809 1196 2891 testificatione,

147 2926 248 3019 digni
273 2932 357 2995 sunt
378 2921 542 2994 mercede
565 2924 766 3016 quicunque
792 2933 875 2994 sunt
899 2925 935 2994 in
961 2946 1076 3016 opere,
1096 2923 1197 3013 poiro

148 3043 310 3113 divinum
327 3042 387 3131 jus
404 3041 573 3133 scripturn
595 3041 676 3110 bovi
693 3041 876 3111 trituranti
893 3062 977 3110 cum
994 3062 1033 3109 os
1050 3036 1196 3131 obligari
1312 3135 1313 3138 Ἴ

147 3181 221 3229 non
247 3159 350 3242 sinat,
368 3158 468 3228 nobis
491 3157 696 3250 exemplum
722 3158 849 3227 divinae
875 3156 1073 3227 clementie
1099 3177 1198 3248 repe·

148 3276 298 3347 tendum
317 3284 381 3356 est,
400 3284 438 3344 et
455 3273 571 3345 valide
589 3275 781 3345 videndum
800 3273 918 3344 nevel
936 3273 1045 3343 nimia
1063 3281 1198 3342 nostro·

147 3414 230 3462 rum
257 3391 441 3462 hominurn
463 3392 609 3462 avaritia
626 3391 682 3462 vel
703 3390 921 3486 negligentia
936 3393 1009 3471 fiat,
1028 3397 1068 3460 ut
1086 3389 1199 3460 ecole-

147 3510 280 3579 sicrum
321 3517 519 3579 nostrarum
554 3509 722 3578 ministris
751 3508 840 3600 justi
875 3516 912 3578 et
946 3507 1198 3577 convenientes

147 3623 285 3695 fructus
302 3646 347 3694 ex
366 3625 665 3695 sanctissimorum
683 3624 915 3716 occupatione
927 3643 1115 3692 munemm
1127 3643 1196 3690 non

148 3740 431 3833 suppeditentur.

251 3953 330 4039 (lap.
349 3972 377 4015 α.
400 3953 534 4018 Decimo
542 3952 713 4039 prcedsulea
728 3952 872 4039 quomam
886 3951 963 4016 solvi
976 3950 1086 4017 debent.

201 4093 319 4186 Igitur
330 4091 547 4161 authoritate
564 4100 683 4161 nostra
700 4092 934 4162 constitutum
952 4091 1007 4173 sit,
1019 4098 1060 4159 ut
1073 4112 1196 4159 ornnes

146 4209 352 4304 singulique
378 4207 509 4278 subditi
533 4208 654 4290 nostri,
672 4207 756 4278 locis
780 4216 818 4279 et
842 4207 1058 4300 temporibus
1081 4206 1197 4298 desig-

584 4350 591 4390 ¹
608 4347 764 4405 conserunt.
