2692 4800
210 277 257 344 la
582 294 632 344 oa
657 295 877 349 annuamus.

209 447 351 518 tilicatis
373 446 584 530 attribuunt,
602 457 770 540 quantam
793 472 860 521 nec
883 449 1110 524 imbecillitas
1130 462 1259 526 nostrae

207 572 341 634 naturae
374 564 454 646 fert,
487 585 553 634 nec
587 565 773 657 quisquam
812 566 879 637 sibi
912 575 1040 659 praeter
1073 567 1260 642 Christum

207 702 346 752 sumere
371 686 508 771 poteat3
534 678 701 749 nimirum
727 688 768 749 ut
794 682 909 751 omnis
933 684 1072 775 peccati
1098 686 1173 756 sint
1197 709 1261 759 ex·

206 805 334 890 pertes,
351 797 379 867 si
397 803 554 865 mentem
575 796 620 866 ad
637 804 734 866 recte
757 797 887 889 pieque
907 799 1097 870 vivendum
1115 802 1260 874 institu-

206 914 308 983 erint.
336 911 384 982 Et
397 912 487 982 hanc
501 910 625 981 volunt
638 910 836 982 absolutam
849 935 989 984 momm
1001 915 1259 1007 perfectionem

205 1029 242 1099 in
267 1028 358 1100 hanc
383 1037 592 1121 praesentem
619 1028 729 1098 vitam
755 1028 891 1112 cadere,
918 1052 1001 1101 cum
1027 1031 1158 1105 debilis
1182 1034 1261 1128 ipsa

206 1147 262 1229 sit,
280 1157 317 1215 et
338 1144 479 1239 fragilis,
498 1154 535 1214 et
558 1145 602 1214 ad
627 1167 750 1215 omnes
774 1146 917 1217 virtutis
942 1155 980 1217 et
1006 1147 1114 1220 officii
1139 1152 1259 1225 urinas

205 1286 373 1356 praeceps.
424 1262 515 1332 Tum
538 1271 576 1332 et
595 1261 738 1332 illorum
765 1264 965 1357 arrogantia
989 1267 1260 1359 comprimenda

206 1388 271 1461 est,
289 1388 326 1450 et
348 1378 565 1449 authoritate
588 1377 708 1472 legum
735 1379 922 1461 domanda,
941 1381 1001 1472 qui
1025 1403 1260 1479 supereroga-

202 1497 308 1567 tionis
335 1518 441 1588 opera
465 1493 629 1587 quaedam
654 1495 946 1586 importaverunt,
972 1496 1102 1589 quibus
1132 1500 1259 1573 existi·

202 1620 303 1682 mant
327 1635 398 1682 non
424 1610 539 1682 solum
565 1609 745 1681 cumulate
768 1609 837 1681 Dei
864 1611 1014 1706 legibus,
1041 1623 1079 1684 et
1108 1615 1258 1710 explete

204 1727 375 1810 satisfieri,
394 1726 455 1797 sed
472 1725 605 1817 aliquid
623 1725 731 1795 etiam
749 1725 874 1797 inillis
894 1726 1046 1820 amplius
1069 1752 1257 1824 superesse

203 1866 308 1936 quam
336 1841 405 1914 Dei
431 1841 599 1912 mandata
623 1840 816 1934 postulent,
836 1843 932 1914 uude
957 1852 995 1914 et
1020 1844 1087 1917 sibi
1113 1850 1258 1935 mereri,

204 1969 242 2029 et
258 1959 335 2031 aliis
352 1959 480 2029 merita
496 1956 662 2050 applicari
679 1957 826 2049 possint.

344 2148 421 2234 Gap.
438 2169 468 2233 9.
491 2149 543 2212 De
557 2168 629 2211 coac
635 2145 883 2230 fiorffimomm,
899 2156 928 2210 et
934 2156 1061 2233 peccato
1076 2146 1113 2212 io
1176 2109 1182 2119 .

474 2245 480 2257 '
568 2248 724 2335 Spiritum
737 2258 884 2313 tuomum.

255 2368 374 2438 Etiam
403 2366 455 2436 illi
485 2367 530 2437 de
557 2365 760 2458 justificatis
793 2388 956 2458 perverse
986 2367 1162 2451 sentiunt,
1191 2368 1254 2461 qui

203 2483 352 2554 credunt
381 2480 470 2562 illos,
500 2489 686 2573 postquam
714 2481 805 2572 justi
835 2480 946 2552 semel
972 2480 1056 2552 facti
1087 2490 1184 2567 sunt,
1214 2484 1253 2555 in

202 2609 388 2693 peccatum
406 2576 478 2669 non
498 2620 600 2691 posse
623 2599 787 2679 incidere,
804 2606 867 2669 aut
891 2600 920 2669 si
943 2600 1035 2670 forte
1058 2601 1252 2694 quicquam

202 2738 324 2784 eorum
360 2715 506 2796 faciunt,
540 2737 616 2806 quae
654 2714 724 2783 Dei
759 2713 897 2808 legibus
930 2715 1173 2807 prohibentur,
1208 2740 1253 2789 ea

202 2832 321 2903 Deum
346 2855 407 2925 pro
432 2832 586 2925 peccatis
608 2854 679 2902 non
702 2832 871 2924 accipere.
923 2830 1062 2915 Quibus
1083 2834 1252 2927 opinione

201 2938 378 3032 contrarii,
396 2949 457 3020 sed
475 2948 658 3041 impietate
681 2971 783 3040 pares
805 2957 898 3031 sunt,
916 2948 976 3040 qui
999 2949 1252 3044 quodcumque

200 3074 386 3156 peccatum
415 3064 577 3148 mortale,
608 3064 702 3155 qnod
732 3073 813 3156 post
847 3063 1061 3156 baptismum
1091 3088 1114 3136 a
1146 3065 1251 3138 nobis
1304 3052 1308 3057 ¹

200 3191 403 3274 susceptum
426 3181 611 3251 voluntate
633 3189 754 3250 nostra
770 3180 1017 3262 committitur,
1035 3180 1124 3253 illud
1142 3205 1250 3253 omne

200 3307 323 3368 contra
349 3297 520 3389 Spiritum
547 3305 708 3367 sarrctum
734 3295 911 3367 affirmant
935 3307 1078 3390 gestum
1104 3320 1184 3370 esse
1210 3309 1249 3372 et

199 3414 334 3484 remitti
354 3435 425 3482 non
442 3435 555 3505 posse.

437 3580 514 3666 Cap.
530 3601 580 3645 10.
603 3582 652 3645 De
666 3581 765 3646 maasia
780 3591 808 3647 et
815 3582 1007 3668 perpulcrae.
1043 3588 1046 3593 '

250 3693 481 3778 Quorundam
514 3696 619 3765 nimis
658 3707 712 3767 est
752 3699 889 3768 curiosa
928 3698 1149 3789 perversitas,
1185 3702 1248 3793 qui

199 3813 338 3883 veniam
377 3811 520 3903 quidem
556 3823 783 3906 peccatorum
818 3823 1020 3906 expectant,
1055 3814 1117 3884 sed
1152 3816 1246 3888 hanc

198 3938 313 3999 morte
326 3928 457 3999 Christi
469 3952 532 4020 per
547 3929 656 4001 solam
671 3930 778 3999 fidem
790 3931 833 4000 ad
847 3928 928 4001 ηοε1
940 3931 1245 4003 accommodatam

197 4045 302 4140 plene
314 4068 385 4114 non
398 4046 547 4116 credunt
564 4057 600 4116 et
614 4047 777 4117 omnibus
794 4046 951 4139 partibus
968 4045 1119 4139 impleri.
1147 4046 1245 4132 Qua·

196 4171 340 4255 propter
362 4161 431 4233 alia
454 4164 666 4255 conquirunt
689 4163 867 4245 sacrificia,
890 4163 1017 4256 quibus
1039 4166 1243 4262 perpurgan‘

678 4309 688 4355 l
704 4333 763 4370 vos.
