2692 4800
360 310 432 363 vm
457 311 681 363 omnnrronn
706 314 989 367 annnrreroaun.
1153 304 1199 376 71

151 466 271 552 merit,
304 467 343 536 in
378 490 422 538 eo
456 469 531 560 ipso
570 468 730 538 simoniae
764 490 844 538 reus
878 469 957 554 erit,
988 493 1053 541 nec
1087 472 1201 542 ullum

150 581 286 653 dimissi
304 580 469 652 beneficii
487 579 769 652 emolumentum
786 605 942 675 unquam
960 585 1140 677 percipiet.

203 878 285 963 Gap.
301 897 333 963 3.
356 877 580 964 Reipuatioais
593 880 742 964 capotium
755 901 814 942 coc
823 889 918 965 potest
931 878 1069 944 inchoari
1082 880 1148 944 sino

497 981 680 1046 authoritate
693 980 856 1045 ordinarii.

199 1101 252 1171 Et
273 1103 440 1193 quoniam
460 1101 689 1173 vehementer
711 1102 829 1195 placet
853 1124 975 1172 omnes
998 1125 1069 1172 non
1086 1101 1200 1172 solum

156 1241 287 1298 causas,
300 1219 362 1289 sed
380 1220 579 1291 occasiones
596 1219 849 1291 maleficiorum
867 1220 1052 1311 amputari,
1067 1217 1201 1289 nullam

157 1336 449 1406 dimittendorum
473 1345 536 1406 aut
561 1336 638 1407 aliis
666 1336 985 1430 permittendorum
1011 1335 1200 1405 beneficio·

156 1476 230 1524 mm
248 1455 469 1524 mentionem
486 1453 562 1525 fieri
585 1454 749 1546 patimur,
767 1476 811 1524 ex
836 1476 906 1545 qua
923 1462 1066 1544 pactum
1091 1452 1201 1544 possit

155 1592 235 1640 eum
264 1592 443 1662 quoquam
472 1571 650 1663 consequi,
673 1571 786 1641 donec
816 1570 1010 1641 ordinarius
1039 1571 1107 1642 hoc
1137 1594 1200 1663 po-

153 1694 286 1757 testate
303 1709 367 1757 sua
383 1685 531 1757 liberum
550 1686 684 1765 fecerit.
722 1685 801 1757 Nec
815 1687 1009 1758 ordinarius
1027 1711 1073 1759 ex
1090 1687 1202 1759 altera

149 1813 253 1894 parte
278 1826 354 1873 rem
378 1803 468 1875 hanc
490 1805 678 1897 procedere
701 1805 802 1887 sinat,
820 1804 886 1873 nisi
909 1803 994 1897 ipse,
1012 1804 1071 1897 qui
1095 1805 1203 1876 bene-

147 1920 233 1991 ficio
264 1942 425 1990 cessums
455 1930 518 2003 est,
542 1922 785 2013 juramentum
816 1921 1029 2012 interponat,
1056 1944 1122 1992 nec
1148 1920 1202 1992 lu-

145 2058 254 2106 cmm
280 2034 483 2121 inhaere,
509 2059 574 2106 nec
600 2034 708 2105 ullam
735 2034 938 2105 simoniacae
962 2036 1201 2128 perversitatis

145 2148 364 2243 particulam
382 2151 617 2222 intercessisse
636 2150 690 2220 vel
709 2151 991 2221 intercessurum.

286 2447 365 2534 Gap.
379 2471 411 2530 4.
435 2449 509 2513 Noa
524 2448 591 2514 ticet
604 2450 778 2514 mantiam
794 2450 930 2515 ammam
944 2459 1072 2514 madore.

204 2587 244 2658 Si
267 2590 345 2680 quis
368 2588 477 2658 semel
496 2589 666 2659 beneficio
684 2590 840 2672 cesserit,
857 2600 895 2660 et
919 2598 998 2682 post
1015 2587 1200 2660 consilium

147 2714 297 2774 mutans
320 2704 364 2774 ad
387 2702 474 2774 illud
498 2705 651 2774 reditum
674 2704 805 2774 habere
827 2704 989 2788 voluerit,
1006 2706 1135 2775 frustra
1156 2705 1203 2775 sit

150 2822 233 2894 haec
259 2821 353 2892 illius
379 2822 533 2892 secunda
558 2832 595 2892 et
621 2843 697 2892 sera
721 2821 892 2905 voluntas,
912 2823 977 2892 nisi
1003 2824 1095 2893 forte
1121 2822 1203 2894 talis

153 2937 274 3031 aliqua
302 2937 416 3008 subsit
444 2960 558 3021 causa,
588 2940 802 3031 superiorem
832 2948 874 3008 ut
903 2940 1096 3010 ordinarius
1130 2961 1204 3011 ces-

154 3057 291 3125 sionem
308 3055 549 3136 retexendam,
567 3064 604 3123 et
621 3077 683 3146 pro
701 3054 798 3125 nulla
815 3065 918 3148 putet
935 3055 1146 3128 habendam.

260 3352 337 3437 Gap.
353 3367 383 3436 5.
410 3350 485 3414 Oedi
499 3371 559 3414 noa
566 3372 652 3436 posse
666 3349 813 3434 beneficiis
827 3350 1031 3417 sammitis
1039 3366 1099 3438 per

569 3463 787 3538 procuratores.

207 3579 257 3651 Et
282 3588 324 3648 ut
344 3578 462 3647 omnia
485 3599 624 3669 prorsus
649 3578 685 3647 in
707 3577 774 3648 hoc
798 3579 941 3672 negotio
965 3578 1099 3649 sincera
1121 3566 1212 3661 sint,

157 3706 399 3793 procuratores
415 3692 647 3775 excludimus,
665 3718 731 3765 nec
755 3717 815 3766 eos
835 3693 908 3765 ullo
925 3696 1031 3765 modo
1048 3696 1205 3789 patimur

156 3811 200 3883 ad
218 3808 492 3882 sacerdotiorum
510 3807 749 3879 dimissionem
766 3808 918 3878 admitti.
970 3807 1076 3892 Quod
1094 3809 1122 3880 si
1139 3809 1202 3881 ali-

155 3928 297 4023 quando
314 3935 438 3997 contra
452 3926 745 3996 constitutionem
758 3924 849 3996 hanc
866 3934 1021 3996 nostram
1040 3926 1204 4020 obrepse-

154 4049 226 4118 rint
248 4045 305 4116 vel
328 4044 525 4135 irruperint,
544 4045 673 4114 frustra
697 4044 742 4114 sit
766 4042 907 4114 iliorum
932 4044 1052 4126 cessio,
1072 4043 1129 4114 vel
1147 4044 1204 4134 (ut

155 4163 264 4258 vulgo
281 4161 488 4253 loquuntur)
506 4160 704 4253 resignatio.
