2692 4800
147 118 194 182 32
507 112 835 179 nusscnarmu'rm
1204 122 1249 187 or

148 308 222 356 ram
237 285 426 355 humanam
444 284 549 354 sinte
563 280 654 353 Filio
669 278 738 351 Dei
752 289 871 353 nostra
883 301 990 352 cause
1005 287 1193 374 sunptam,

145 403 275 473 deinde
300 423 381 472 cum
409 399 601 492 Scripturis
626 398 753 469 divinis
777 406 949 491 pugnent,
966 403 1006 467 et
1026 407 1196 490 praeterea

145 541 229 588 cum
247 516 409 587 universa
425 523 726 586 sacramentomm
742 514 879 585 ratione
896 508 1120 606 confligant¹,
1130 513 1197 585 ista

144 643 315 726 tanquam
339 633 465 703 frivola
486 627 670 724 quaedam²
687 631 824 702 somnia
845 629 974 700 merito
998 628 1197 702 desecanda

147 751 357 832 curavimus,
387 759 425 820 et
459 748 637 819 oblivione
667 746 858 831 obruenda,
887 746 1084 840 presertim
1115 768 1197 818 cum

147 889 317 960 magnum
336 887 382 935 ex
407 863 476 935 illis
499 872 538 934 et
563 864 799 956 perniciosum
824 885 954 957 agmen
975 863 1198 956 superstitio·

149 1006 237 1053 num
257 983 294 1052 in
318 979 474 1051 Ecclesia
490 980 560 1051 Dei
577 981 809 1072 importatum
826 980 945 1051 fixerit.

243 1177 320 1262 Cap.
331 1192 365 1260 5.
390 1176 451 1256 Qui
464 1176 545 1240 sint³
560 1174 743 1240 crimme·
756 1174 947 1239 admoneam
961 1175 1105 1242 Domim.

198 1298 390 1368 Neminem
420 1297 465 1368 ad
494 1319 653 1368 mensam
679 1294 824 1368 Domini
851 1295 1014 1367 volumus
1044 1296 1198 1379 admitti,

148 1417 260 1485 donec
277 1414 384 1484 fidem
403 1414 440 1484 in
458 1412 619 1485 Ecclesia
635 1413 811 1507 professus
827 1412 945 1484 fuerit.

262 1614 338 1701 Oap.
355 1617 386 1679 6.
411 1616 637 1702 Inponitionom
649 1636 796 1681 manuscr
809 1636 866 1681 osce
879 1613 1083 1681 radendam.

208 1739 251 1809 In
269 1738 498 1833 praeficiendis
516 1736 756 1808 Eoolesiarum
772 1737 942 1810 ministris
960 1737 1101 1830 (quales
1116 1746 1199 1811 sunt

149 1857 297 1940 diaconi,
312 1855 516 1950 presbyteri,
528 1865 566 1925 ot
582 1855 752 1949 episcopi)
771 1854 1008 1926 ceremoniam
1026 1877 1199 1927 manuum

148 1974 440 2066 imponendarum
459 1973 602 2044 retineri
620 1972 760 2064 placet3
791 1972 958 2064 quoniam
975 1971 1073 2045 illius
1090 1973 1130 2043 in
1147 1995 1200 2045 sa·

149 2091 216 2161 cris
247 2089 438 2183 Scripturis
467 2089 603 2159 montio
636 2091 692 2172 sit,
723 2098 760 2160 et
791 2098 1002 2182 perpetuum
1033 2088 1201 2162 habuerit

150 2207 306 2277 usumin
326 2206 495 2278 Ecclesia.

294 2400 371 2485 Gap.
388 2418 417 2483 7.
439 2401 579 2486 Nuptias
592 2399 762 2465 cokmnitcr
776 2399 968 2466 anomalae
980 2421 1052 2467 csse.

202 2538 420 2631 Nuptiamm
450 2537 624 2609 solemnes
654 2540 742 2610 ritus
773 2541 809 2609 in
840 2539 951 2611 oculis
984 2541 1101 2626 omnis
1132 2541 1202 2613 Ec·

150 2654 265 2727 clesiae
291 2678 429 2727 summa
454 2678 535 2725 cum
552 2657 727 2751 gravitate
744 2665 782 2728 et
799 2657 870 2728 fide
888 2656 1054 2729 collocari
1070 2661 1201 2730 statui-

150 2796 237 2856 mus
250 2773 377 2865 quibus
395 2775 423 2843 si
442 2774 629 2864 quicquam
648 2772 740 2844 absit
757 2795 977 2867 eomm,quae
991 2797 1056 2845 nos
1072 2775 1111 2845 in
1129 2774 1201 2847 illis

149 2886 388 2971 sancivimus⁴‚
407 2911 469 2980 pro
486 2886 592 2959 nullis
609 2890 729 2959 statim
747 2889 867 2961 haberi
886 2889 1015 2983 placet.
1212 2889 1246 2937 ¹⁵

279 3098 356 3183 Cap.
375 3099 403 3161 8.
429 3098 492 3177 Quo
506 3107 635 3183 tempore
652 3096 850 3185 Oorfirrnats'o
864 3121 922 3164 esso
935 3097 1066 3165 dobeav.

205 3234 384 3327 Episcopis
407 3237 534 3305 nostris
557 3237 740 3331 negotium
764 3233 913 3308 damus⁶
934 3236 1013 3308 illos
1035 3238 1201 3308 confirm-

151 3352 231 3421 andi
246 3353 305 3444 qui
320 3350 584 3422 Oareehismum
603 3351 802 3435 didicerint3
816 3351 911 3442 quod
927 3351 965 3421 in
982 3350 1037 3422 his
1060 3358 1200 3445 tempo·

149 3466 245 3537 ribus
263 3468 390 3537 nostris
416 3468 594 3560 praecipue
610 3466 686 3536 fieri
710 3465 826 3548 debet,
845 3469 881 3537 in
900 3466 1028 3559 quibus
1045 3468 1198 3540 infantes

148 3583 319 3677 baptizati
343 3607 442 3655 suam
466 3585 531 3677 ipsi
555 3585 661 3655 fidem
686 3606 728 3655 nc
746 3582 966 3655 voluntatem
984 3584 1103 3656 adhuc
1119 3609 1195 3678 pro·

147 3702 238 3771 fiteri
258 3724 328 3771 non
341 3710 499 3794 possunt.
527 3701 653 3793 Itaque
671 3701 947 3772 confirmationis
964 3722 1088 3772 eorum
1107 3710 1194 3774 tem·

146 3840 211 3909 pus
230 3818 320 3887 hanc
337 3819 382 3888 ad
399 3841 473 3889 rem
493 3819 716 3911 aptissimum
734 3818 814 3888 erit.

234 4000 241 4040 ¹
257 4007 423 4083 confligunt.
602 4007 615 4046 ²
629 4007 756 4082 quaedam
772 4027 824 4066 om.
1014 4014 1118 4069 ³sunt.

193 4104 206 4148 ⁴
220 4106 302 4162 nullis
316 4107 466 4163 sancimus.
581 4104 595 4148 5
611 4107 704 4164 debet.
822 4103 836 4148 ⁶
849 4107 954 4164 nostris
968 4107 1073 4171 divinis
1085 4108 1155 4166 illos.
