2692 4800
222 295 281 352 xxii
543 292 763 359 PRAEFATIQ
786 294 839 351 En.
855 309 939 369 1571.

222 447 377 533 paulatim
400 447 537 532 explosis
559 447 731 526 actoribus,
752 448 837 513 solus
858 449 926 534 ipse
953 470 1079 514 scenam
1104 469 1270 534 occupare,

222 572 393 636 omnesque
413 549 553 615 omnium
570 551 712 615 actiones
732 550 889 616 sustinere
909 551 1018 617 voluit.
1065 551 1271 637 Primumque

222 653 363 740 profanis
391 653 632 739 magistratibus
661 675 700 718 ea
728 659 856 719 tantum
884 654 1072 740 relinquens,
1099 676 1170 740 quae
1200 676 1271 741 pro·

222 757 298 821 sana
337 756 536 832 videbantur,
574 755 728 841 reliquam
766 764 892 841 partem
929 757 1015 823 illam
1053 758 1093 822 de
1130 757 1272 822 moribus

222 858 401 923 universam
425 858 469 922 ad
495 879 530 922 se
558 857 772 942 populumque
800 880 893 922 suum
922 859 1088 924 transtulit
1112 859 1272 925 ecclesias·

223 961 333 1039 ticum,
363 959 565 1025 callidissimo
600 960 748 1023 nimirum
781 969 972 1038 commento,
1001 962 1076 1025 dum
1110 985 1144 1026 sc
1178 962 1273 1050 fingit

223 1063 343 1129 Christi
367 1064 400 1127 in
424 1062 519 1127 terris
545 1063 699 1127 vicarium
725 1071 759 1128 et
783 1066 964 1150 apostolicae
989 1066 1150 1130 cathedrae
1173 1066 1273 1130 haere-

222 1165 375 1231 ditarium
400 1186 621 1230 successorem.
666 1165 759 1246 Quod
783 1166 875 1231 simul
896 1175 995 1252 atque
1013 1168 1108 1232 semel
1123 1167 1272 1253 principi·

222 1269 283 1332 bus
308 1289 376 1332 esse
398 1288 585 1353 persuasum
608 1266 767 1345 sensisset,
789 1269 862 1333 hinc
886 1269 969 1334 illico
992 1270 1114 1355 majora
1137 1268 1272 1334 conandi

222 1370 390 1436 materiam
411 1369 537 1455 accipit.
583 1369 694 1454 Neque
716 1393 811 1455 porro
833 1373 934 1436 deluit
951 1372 1108 1437 occasioni
1128 1371 1271 1436 audacia.

223 1473 367 1560 Pergens
391 1472 500 1557 itaque
525 1472 687 1556 incoepta
712 1473 822 1538 sabula
842 1474 941 1538 mirus
963 1475 1015 1538 hic
1037 1473 1160 1550 histrio,
1185 1481 1273 1559 post·

223 1598 319 1661 quam
341 1575 506 1639 exordium
527 1573 587 1638 sibi
607 1581 676 1640 tam
698 1575 829 1659 pulchre
848 1575 935 1641 videt
956 1577 1138 1661 procedere,
1161 1576 1205 1640 ed
1226 1599 1273 1640 re-

223 1679 326 1765 liquas
346 1677 494 1742 similiter
508 1677 642 1742 actionis
662 1684 772 1762 partes
790 1700 824 1742 11
842 1686 947 1764 parat,
964 1701 1043 1764 quas
1060 1678 1159 1742 nihilo
1175 1679 1274 1744 etiam

224 1781 352 1867 segnius
374 1786 506 1845 tractat.
560 1780 610 1844 Ac
632 1780 769 1864 primum
790 1782 831 1845 ad
854 1803 945 1868 regas
966 1782 1052 1866 ipsos
1073 1802 1274 1867 summosque

224 1882 415 1948 monarchas
445 1882 576 1947 affectat
606 1882 698 1958 viam,
726 1904 834 1946 eorum
863 1883 1094 1948 authoritatem
1119 1883 1274 1967 paulatim

224 1986 379 2065 vellicare,
406 2008 481 2049 mox
511 1992 544 2049 et
570 2007 707 2070 aequare,
737 1992 806 2049 tum
834 2007 983 2070 superare
1012 1985 1120 2062 etiam,
1146 2007 1273 2071 supera·

225 2096 355 2175 tamque
381 2089 440 2152 sub
463 2088 575 2174 jugum
605 2086 732 2152 mittere
762 2094 935 2173 pertentat.
991 2086 1063 2151 Hoc
1092 2088 1147 2152 ubi
1176 2088 1274 2154 etiam

225 2193 392 2257 succedere
421 2189 579 2275 intelligit,
604 2191 725 2273 majore
755 2197 882 2274 sumpta
908 2188 1034 2267 fiducia,
1060 2189 1194 2255 ulterius
1218 2191 1274 2256 ad·

225 2294 286 2358 huc
315 2291 518 2379 progreditur
547 2312 616 2354 sese
646 2290 792 2369 dilatare,
816 2313 855 2356 11
883 2313 1004 2376 pennas
1034 2291 1109 2356 nido
1138 2292 1275 2378 majores

226 2393 416 2473 distendere,
432 2393 509 2457 nihil
528 2394 596 2478 jam
614 2392 730 2457 humile
751 2401 808 2458 aut
821 2394 979 2480 plebeium
1001 2395 1041 2459 de
1061 2416 1095 2458 se
1118 2395 1272 2481 cogitans.

226 2499 287 2580 Qui
308 2498 395 2583 prius
415 2496 523 2561 humili
546 2519 638 2561 socco
661 2496 837 2574 incedebat,
853 2518 936 2560 nunc
957 2497 1024 2561 alto
1046 2498 1204 2563 cothurno
1226 2498 1274 2562 in-

224 2602 379 2689 greditur,
406 2623 446 2664 ex
471 2599 621 2687 pontifice
650 2621 707 2662 rex
736 2598 840 2664 lactus
866 2599 959 2684 plane
988 2600 1138 2685 tragicus.
1190 2601 1275 2683 Quin

226 2727 284 2770 neo
309 2704 445 2790 amplius
470 2701 589 2766 subditi
613 2701 682 2786 jam
708 2722 823 2767 nomen
848 2701 1004 2788 agnoscit,
1026 2702 1079 2787 qui
1101 2703 1235 2788 jubetur
1256 2726 1276 2769 1

227 2805 421 2881 Christano
442 2804 623 2870 dominetur
645 2802 720 2867 suis.
768 2803 911 2888 Denique
933 2826 1071 2889 eousque
1093 2803 1276 2871 intumescit

227 2908 454 2995 magnitudinis
479 2908 531 2972 hio
554 2906 772 2983 ecclesiarcha‚
792 2914 830 2971 ut
852 2907 906 2992 qui
927 2907 1012 2994 leges
1033 2907 1120 2993 prius
1142 2909 1184 2972 ab
1206 2908 1276 2974 aliis

228 3010 381 3098 accipere,
404 3018 503 3096 atque
525 3009 557 3073 in
580 3008 690 3074 ordine
713 3009 814 3073 teneri
837 3009 880 3073 sit
901 3009 1024 3087 solitus,
1046 3033 1129 3074 nunc
1150 3011 1276 3076 inversa

228 3136 334 3179 rerum
360 3136 465 3192 scena,
485 3113 570 3198 leges
596 3112 664 3198 ipse
685 3111 819 3197 imponit
840 3112 922 3191 aliis,
945 3135 983 3177 ac
1001 3115 1076 3199 jura
1097 3113 1277 3199 praescribit

65 3257 112 3306 J„
122 3256 204 3319 ponn-
229 3216 401 3282 universis:
429 3216 513 3301 quod
528 3216 581 3301 jus
601 3237 685 3280 nunc
702 3215 888 3280 canonicum
905 3215 1109 3300 appellamus.
1157 3214 1195 3277 ln
1214 3236 1277 3299 quo

67 3323 212 3399 nnuman
230 3319 299 3404 ipso
321 3319 393 3404 jure
416 3339 518 3403 nequa
541 3318 638 3380 ullum
664 3324 772 3382 tamen
797 3318 927 3381 modum
952 3324 1042 3382 tenet
1066 3317 1148 3381 illius
1174 3316 1277 3402 impu·

65 3401 216 3436 anomcum.
230 3421 350 3498 dantia,
372 3420 449 3505 quin
468 3419 554 3505 leges
577 3419 700 3506 legibus
723 3420 852 3484 decreta
872 3419 1010 3485 decretis
1029 3442 1067 3485 ao
1089 3419 1128 3483 iis
1149 3419 1278 3505 insuper

229 3524 402 3590 decretalia
424 3523 494 3588 aliis
517 3522 580 3588 alia
602 3530 699 3608 atque
719 3523 796 3588 item
815 3524 878 3589 alia
896 3523 1084 3600 accumulet,
1100 3545 1158 3587 nec
1180 3522 1278 3587 ullum

228 3649 310 3714 pene
332 3625 449 3691 statuit
468 3625 648 3690 cumulandi
668 3626 774 3702 finem,
789 3626 889 3690 donec
910 3626 1039 3690 tandem
1057 3625 1122 3690 suis
1137 3625 1278 3691 Clemen-

229 3729 316 3811 tinis,
341 3729 492 3809 Sextinis,
514 3729 601 3794 intra
622 3735 656 3793 et
677 3729 970 3815 extravagantibus,
997 3728 1278 3794 constitutionibus

230 3831 473 3918 provincialibus
496 3838 531 3896 et
552 3830 766 3917 synodalibus,
790 3831 897 3916 paleis,
919 3831 1076 3918 glossulis,
1098 3833 1279 3911 sententiis,

231 3935 387 4021 capitulis,
413 3934 604 4009 summariis,
626 3933 797 4019 rescriptis,
823 3934 999 4013 breviculis,
1025 3934 1151 3999 casibus
1176 3935 1278 4021 longis

232 4047 265 4104 et
294 4039 451 4119 brevibus,
476 4060 514 4104 11
543 4037 675 4102 infinitis
702 4037 880 4123 rhapsodiis
908 4038 989 4103 adeo
1017 4040 1128 4103 orbem
1153 4061 1279 4104 consar-

231 4142 360 4219 cinavit,
379 4149 417 4208 ut
432 4142 528 4207 Atlas
552 4163 651 4218 mons,
673 4163 736 4225 quo
757 4141 906 4205 sustineri
928 4141 1043 4206 coelum
1062 4141 1191 4223 dicitur,
1207 4142 1279 4206 huic

233 4245 274 4328 (si
297 4244 528 4330 imponeretur)
543 4242 631 4308 oneri
653 4243 699 4307 vis
718 4242 848 4308 ferendo
871 4243 1037 4308 sufficeret.
