2692 4800
215 261 262 333 66
475 323 481 334 .
576 280 625 330 nn
650 278 898 329 rnumnums
1256 274 1286 327 c.
1300 250 1340 325 1!-

215 434 367 526 quodam
402 441 440 504 et
472 434 595 528 grandi
631 442 833 525 stuprorum
867 443 905 503 et
938 431 1198 503 adulteriorum
1225 438 1304 519 ct32

215 549 466 643 flagitiosamm
490 549 677 620 libidinum
701 549 782 619 odio
805 547 935 619 liberos
951 548 1040 618 vitio
1062 544 1262 641 procreatos

216 665 445 737 vehementer
469 665 648 735 interdum
673 663 808 758 affligit,
834 672 872 734 et
898 686 1118 735 successores
1142 686 1263 735 eorum

216 781 358 865 obterit,
375 792 413 851 et
428 789 572 874 propter
589 781 738 852 eandem
754 790 896 874 patrum
913 781 1159 874 impuritatem
1176 778 1265 851 lilios

216 899 252 967 in
288 899 399 968 veteri
433 906 647 967 testamento
684 897 729 967 ab
760 894 927 967 Ecclesiae
960 895 1265 967 administratione

217 1009 375 1103 depulit3
410 1033 473 1081 nos
499 1011 625 1080 divinae
650 1010 847 1082 severitatis
877 1008 1083 1103 exemplum
1114 1008 1266 1101 sequuti,

218 1127 308 1199 tales
326 1127 411 1197 vitio
428 1137 614 1221 generatos
632 1126 760 1198 liliosa
778 1128 1060 1198 contrectatione
1077 1147 1267 1199 munerum

217 1244 536 1316 ecclesiasticorum
578 1242 793 1327 abarcemus‚
828 1245 893 1314 nisi
936 1243 1029 1314 forte
1071 1243 1269 1339 singulares

218 1362 363 1453 quidam
388 1361 545 1430 existant
571 1360 710 1430 eximiis
734 1360 835 1431 donis
859 1360 1036 1443 instructi,
1053 1382 1132 1453 quac
1155 1361 1208 1432 sic
1232 1361 1271 1431 in

219 1478 288 1548 illis
311 1477 463 1560 luceant,
481 1485 522 1547 ut
543 1478 677 1570 priores
700 1477 871 1547 natalium
889 1478 1008 1549 sordes
1025 1477 1272 1558 obscurentur,

219 1605 282 1666 aut
319 1595 490 1664 virtutum
531 1595 736 1686 praestantin
775 1604 1058 1687 compensentur,
1099 1604 1166 1666 aut
1207 1594 1273 1666 nisi

184 1789 193 1808 .
220 1733 359 1783 summa
376 1712 422 1780 sit
440 1712 476 1780 in
495 1709 655 1781 Ecclesia
670 1710 912 1781 ministrorum
930 1713 1101 1803 paucitas.

326 1923 404 2007 Cap.
418 1944 466 2006 19.
489 1923 696 1988 Patroaorum
711 1923 812 1989 nothos
825 1923 864 1988 cd
878 1924 1073 1990 rechamum
1087 1945 1168 1989 cum

612 2027 798 2092 removendos
811 2049 875 2091 esse.

272 2151 500 2236 Quorundam
516 2160 615 2220 tanta
628 2159 683 2221 est
700 2160 927 2244 patronorum
946 2152 1181 2246 impudentia,
1191 2175 1278 2224 suos

222 2276 263 2340 ut
287 2268 414 2339 liberos
441 2291 486 2337 ex
510 2265 692 2338 adulteriis
716 2278 753 2339 et
776 2270 905 2361 stupris
927 2279 1109 2363 susceptos
1131 2269 1171 2339 in
1195 2268 1278 2340 illas

222 2386 386 2458 ecclesias
404 2386 594 2468 intrudant,
615 2408 762 2477 quarum
779 2386 824 2456 ad
842 2385 921 2456 illos
939 2387 1000 2477 jus
1018 2385 1279 2480 designationis

222 2504 387 2597 pertinet,
403 2502 463 2593 qui
482 2525 563 2571 cum
582 2512 808 2594 paternarum
825 2502 1011 2573 libidinum
1030 2503 1278 2596 intempestivi

222 2629 332 2690 testes
360 2620 442 2701 siut,
471 2619 718 2710 potiusquam
752 2618 977 2689 ecclesiarum
1004 2619 1077 2712 apti
1108 2619 1279 2702 ministri,

223 2737 462 2829 peccandique
488 2735 662 2826 quandam
691 2734 946 2806 authoritatem
972 2733 1095 2805 afferat
1119 2744 1197 2806 tam
1222 2737 1280 2806 in-

223 2877 309 2948 gens
335 2851 475 2922 illorum
504 2850 626 2921 habita
654 2853 753 2934 ratio,
780 2852 982 2943 hujusmodi
1012 2874 1136 2924 omnes
1167 2852 1280 2925 beue·

223 2970 383 3040 liciorum
402 2966 651 3039 collocationes
667 2991 807 3060 prorsus
825 2970 938 3039 irritas
955 2992 1030 3040 esse
1049 2967 1227 3051 volumus,
1240 2981 1281 3041 et

226 3073 432 3179 patronuml
453 3108 515 3177 pro
533 3107 575 3153 eo
594 3093 754 3176 tempore
772 3085 1013 3155 collocationis
1023 3086 1106 3177 jure
1123 3086 1268 3178 privari.

248 3297 324 3383 Cap.
344 3316 391 3364 20.
425 3294 520 3359 Vitiis
534 3296 688 3380 quibusvis
702 3317 860 3381 corporum
875 3295 1102 3361 ministrorum
1116 3301 1222 3364 areeri
1238 3324 1260 3366 a

658 3397 846 3462 sacerdotiis.

276 3521 498 3593 offensiones
512 3544 707 3614 corporum,
720 3545 797 3614 quac
811 3523 906 3614 prius
920 3522 1081 3594 homines
1097 3547 1120 3594 a
1137 3547 1286 3622 suscep·

228 3642 324 3711 tione
338 3662 524 3709 munerum
544 3638 862 3710 ecclesiasticorum
882 3639 1122 3725 secludebant,
1136 3651 1285 3717 tantum

227 3756 373 3850 posthac
391 3764 612 3826 momontum
632 3780 702 3827 non
721 3756 915 3837 habebunt,
933 3766 974 3826 ut
992 3755 1072 3840 illis,
1091 3759 1287 3851 cujuscun-

228 3897 297 3966 que
314 3874 452 3966 generis
471 3874 612 3954 fuerint,
633 3873 684 3940 vir
702 3873 827 3942 doctus
851 3883 888 3943 ct
906 3872 1036 3965 probus
1059 3873 1104 3943 ab
1127 3877 1287 3950 admini-

228 3989 370 4061 strando
405 3988 599 4058 sacerdotio
632 3999 907 4059 summoveatur.
960 3988 1128 4060 Illarum²
1157 4000 1286 4066 tamen

230 4106 379 4199 diligens
419 4105 485 4174 erit
519 4103 684 4175 habenda
717 4106 962 4187 consideratio,
992 4103 1099 4198 quae³
1133 4114 1287 4202 gerendi

355 4267 361 4305 ¹
379 4276 523 4343 patronos.
723 4265 873 4327 ²llloru1n.
1070 4271 1083 4309 ³
1098 4273 1155 4347 qui.
