2692 4800
494 324 698 384 sonuimus
723 322 850 377 orcus.
1120 310 1193 383 257

149 490 258 555 testes
275 480 362 571 (non
385 480 570 554 observato
594 482 716 554 ordine
736 480 981 573 articulorum)
998 502 1103 574 super
1119 502 1194 552 om·

148 599 253 672 nibus
268 600 470 671 examinare
487 601 607 693 possit,
624 608 729 693 prout
746 600 778 671 ei
796 598 973 671 videbitur
990 598 1168 693 expedire.

215 807 294 893 Gop.
304 828 359 892 49.
382 808 426 873 Is
439 806 554 873 anima
563 806 918 893 puieuloybrumentum
932 808 1013 895 ccipi
1021 816 1128 892 ponat.

199 956 238 1029 Si
259 967 340 1029 acta
362 955 450 1029 nihil
474 957 708 1050 probaverint,
719 957 834 1049 Judex
851 957 1096 1049 juramentum
1119 957 1195 1028 exi·

147 1096 232 1171 gere
264 1083 384 1169 potest
416 1098 438 1146 a
471 1084 571 1167 parte
604 1074 799 1167 principali,
833 1072 1035 1165 ubicunque
1070 1074 1194 1145 enimse

148 1191 345 1287 periculum
369 1192 529 1263 vertitur.

184 1399 263 1485 Gap·
276 1420 328 1487 50.
359 1398 606 1464 Tectimociomm
621 1398 708 1485 copia
717 1396 863 1485 portibus
878 1418 937 1463 noo
951 1408 992 1463 uc
1006 1398 1157 1485 meam.

197 1536 320 1609 Jndex
342 1548 423 1632 post
443 1541 589 1611 testium
613 1539 888 1632 publicationem
910 1537 1193 1609 testimoniorum

148 1656 288 1749 copiam
321 1656 428 1727 faciat
462 1657 618 1750 portibus
658 1655 870 1748 petentibus,
905 1656 981 1748 ipso
1017 1656 1195 1726 retinente

148 1772 330 1869 originale.
382 1773 430 1845 Et
445 1774 575 1867 judicis
595 1782 649 1845 est
666 1772 735 1843 illis
753 1772 968 1843 constituere
991 1771 1193 1853 terminum,

148 1890 243 1961 intro
270 1912 375 1982 quem
406 1889 585 1984 publicata
614 1890 818 1960 testimonia
847 1898 1018 1973 evertunt,
1046 1900 1109 1960 aut
1138 1899 1196 1960 tu-

148 2014 305 2088 eontur¹,
331 2029 412 2077 cum
438 2006 505 2077 hac
529 2007 826 2089 interminat'one,
850 2006 943 2098 quod
969 2008 998 2077 si
1024 2005 1118 2077 istud
1144 2006 1192 2077 fa-
1209 2026 1270 2076 122

148 2145 230 2193 cere
264 2122 497 2218 neglexerint,
524 2124 689 2215 deinceps
722 2145 793 2192 non
827 2123 873 2193 sit
906 2122 1119 2195 admissurus
1152 2133 1193 2193 ut

149 2241 185 2312 id
209 2237 368 2311 faciant².

367 2436 445 2522 Cap.
457 2457 510 2521 51.
537 2436 784 2502 Testimoniorum
791 2435 969 2522 publicatio.

201 2583 422 2655 Examinatis
445 2585 604 2667 testibus,
623 2608 665 2655 ea
686 2607 765 2678 psrs
789 2586 844 2655 cui
868 2584 1024 2655 maximo
1046 2585 1194 2656 interest

147 2701 355 2773 testimonia
379 2724 456 2773 esse
480 2710 577 2784 nota,
599 2712 721 2795 petere
746 2711 863 2795 potest
888 2702 1059 2794 ajudice,
1085 2710 1127 2773 ut
1151 2726 1194 2774 sa

147 2816 385 2912 publicentur.
438 2816 480 2889 Id
499 2840 582 2889 vero
602 2828 644 2889 ut
664 2819 731 2889 rite
752 2818 825 2901 fiat,
841 2840 984 2889 necesse
1005 2827 1061 2889 est
1077 2828 1194 2911 partes

147 2935 250 3007 citari
273 2936 317 3006 ad
340 2935 555 3005 audiendum
577 2935 779 3005 testimonia
801 2933 983 3028 publicari.
1035 2935 1094 3005 Ita
1110 2958 1193 3006 vero

147 3052 214 3123 fiet
238 3051 440 3145 publicatio,
467 3053 495 3122 si
525 3062 587 3122 aut
613 3053 687 3144 ipse
709 3051 824 3144 judex
853 3062 916 3122 out
940 3050 1102 3144 publicus
1131 3075 1194 3123 no-

145 3168 259 3240 tarius
278 3166 506 3261 presentibus
527 3169 685 3261 partibus
705 3166 820 3262 palam
839 3168 1041 3239 testimonia
1056 3170 1192 3253 recitet,

146 3292 213 3355 aut
236 3306 354 3356 coram
380 3284 548 3356 exhibeat
573 3286 741 3368 chartam,
767 3287 803 3355 in
829 3308 899 3378 qua
927 3309 969 3357 ea
996 3284 1194 3381 descripta³

146 3413 243 3484 sunt,
268 3409 307 3473 et
334 3401 429 3474 olera
455 3426 541 3474 voce
572 3411 722 3474 testetur
749 3403 785 3472 in
813 3425 856 3473 ea
884 3403 1056 3474 contineri
1085 3403 1193 3497 depo-

146 3518 292 3591 sitiones
330 3520 476 3591 testium
513 3521 766 3613 productorum
805 3517 958 3591 fideliter
995 3528 1192 3604 annotatas,

147 3658 235 3728 quas
257 3659 321 3708 sua
336 3636 555 3708 exhibitione
578 3635 774 3728 publicatas
791 3635 888 3706 velit.
939 3634 1068 3706 Postea
1077 3637 1191 3729 judex

145 3752 306 3846 partibus
327 3754 522 3824 constituet
547 3752 750 3836 terminum,
767 3751 860 3821 intra
885 3773 989 3843 quem
1012 3754 1192 3846 accepturi

145 3868 238 3941 sint⁴
265 3869 429 3964 exempla
458 3869 752 3951 testimoniorum,
783 3876 820 3938 et
849 3867 957 3938 alium
989 3870 1192 3954 terminum,

145 3990 240 4059 intra
256 4009 362 4078 quem
380 3987 592 4079 disputaturi
611 3985 693 4068 sint,
710 3985 737 4055 si
757 3984 877 4055 velint.

211 4172 390 4237 'teneantun
514 4176 632 4236 ²facict.
744 4175 913 4253 ³discripte.
1026 4186 1128 4235 ⁴sunt.

660 4483 677 4529 S
