2692 4800
481 296 700 360 PRAEFATIO.
723 296 875 372 En.1571.
1135 297 1203 352 xxiii

193 455 305 540 Atque
327 453 413 516 huno
436 450 563 536 quidem
582 449 615 511 in
635 448 763 512 modurn
783 447 897 511 habuit
918 445 1086 531 pontificiae
1110 447 1204 531 hujus

148 557 265 622 fabulae
303 554 438 640 epitasis
469 552 549 617 eatis
578 550 705 636 quidem
734 549 919 614 turbulenta
949 557 983 613 et
1012 550 1202 636 prodigiosa.

151 659 189 723 ln
212 682 278 746 qua
301 658 419 722 mirum
440 677 519 741 quas
540 653 591 718 ilie
613 654 725 718 turbas
748 653 845 730 dedit,
870 674 948 738 quos
971 653 1089 717 mundo
1113 653 1204 717 ludos

148 762 235 840 feeit,
261 768 297 827 et
326 782 407 846 quos
436 779 559 824 errores
589 757 729 834 involvit,
755 756 833 821 ioris
863 755 1046 821 nonnullam
1077 756 1204 841 quidem

149 864 313 952 religionis
338 863 452 928 faciem
477 860 664 937 obtendens,
688 860 745 924 sed
771 859 819 924 ita
844 866 882 925 ut
907 859 1041 946 propius
1066 860 1204 924 intuenti

150 962 238 1028 haud
252 961 378 1026 difficile
397 966 484 1025 esset
500 959 607 1024 videre
626 959 719 1045 louge
740 958 827 1023 aliud
846 959 1030 1044 mysterium
1046 959 1079 1023 in
1096 959 1204 1024 animo

148 1087 225 1129 eum
253 1062 440 1142 instituisse,
469 1083 582 1149 nempe
609 1067 647 1125 ut
676 1061 922 1126 ecclesiasticum
951 1062 1116 1147 imperium
1145 1061 1202 1127 ali-

149 1166 238 1254 quod
255 1166 289 1231 in
304 1166 365 1230 hoo
381 1165 501 1229 mundo
521 1163 702 1229 eminentiae
722 1164 890 1250 singularis
909 1165 1081 1230 attolleret.
1120 1167 1201 1229 'lum
1212 1184 1323 1232 Pontifex

150 1291 211 1334 neo
239 1268 292 1333 his
316 1274 487 1333 contentus
509 1268 563 1351 jus
588 1267 649 1331 fori
674 1267 723 1331 sui
748 1267 835 1332 haud
860 1269 948 1354 prius
975 1268 1102 1333 destitit
1127 1250 1340 1378 hac-ffizge

151 1380 249 1438 tenus
274 1370 421 1450 dilatare,
445 1369 551 1455 quoad
573 1374 678 1434 totum
702 1369 799 1434 etiam
824 1370 944 1434 civilem
965 1370 1106 1457 gladium
1129 1380 1324 1443 oumgudium.

150 1474 247 1560 plena
272 1479 436 1560 potestate
461 1471 495 1534 in
520 1493 610 1536 suem
637 1471 833 1536 traduxisset
855 1472 1108 1558 possessionem
1139 1495 1202 1538 non

151 1578 214 1642 huo
244 1584 394 1663 spectans
423 1573 560 1653 interim,
585 1582 623 1639 ut
650 1595 774 1638 morum
804 1575 1001 1662 disciplinam
1030 1576 1062 1640 in
1091 1576 1203 1640 melius

150 1681 342 1767 proveheret
365 1677 465 1764 (quod
490 1677 635 1744 fortassis
660 1698 822 1762 nunquam
845 1678 888 1742 illi
911 1678 993 1743 serio
1015 1701 1099 1744 curae
1124 1679 1201 1762 fuit)

149 1782 209 1846 sed
234 1781 353 1867 partim
373 1787 411 1844 ut
432 1778 517 1844 sedis
540 1779 730 1866 dignitatem
754 1779 899 1844 omnibus
922 1779 1079 1846 munitam
1102 1782 1203 1846 modis

150 1883 383 1959 constabiliret,
406 1881 524 1968 partim
546 1890 583 1946 ut
605 1903 681 1968 opes
700 1883 909 1968 undecunque
931 1905 1026 1969 quam
1048 1885 1203 1950 maximas

150 1987 196 2052 ad
215 1985 405 2072 explendam
424 1983 523 2069 ipsius
543 1984 722 2049 avaritiam'
733 1992 945 2060 converteret,
962 1985 1047 2050 haud
1068 1985 1202 2050 multum

151 2087 297 2153 dissimili
327 2086 481 2172 exemplo,
512 2086 605 2171 quale
634 2086 673 2151 de
704 2086 858 2172 Dionysio
888 2087 1088 2172 Syracusano
1118 2109 1203 2153 com-

150 2199 311 2258 memorat
335 2190 537 2268 Plutarchus,
561 2189 615 2275 qui
644 2211 741 2274 quum
770 2189 924 2254 insidioso
952 2176 1203 2276 oonsilio'quam

150 2295 306 2383 plurimas
335 2293 461 2358 tulisset
490 2293 584 2380 leges,
613 2291 693 2357 alias
720 2314 816 2378 super
844 2292 923 2357 alias
952 2293 1107 2379 ingerens,
1134 2302 1203 2359 tum

149 2399 282 2464 easdem
309 2396 380 2483 pari
403 2417 511 2460 rursus
536 2394 658 2460 astutia
680 2418 700 2458 a
725 2395 842 2480 populo
865 2395 979 2482 negligi
1009 2396 1202 2481 patiebatur,

151 2526 217 2590 quo
245 2510 377 2568 cunctos
406 2501 466 2566 hae
495 2500 619 2566 ratione
648 2499 708 2564 sibi
737 2499 891 2564 obnoxios
920 2499 1078 2565 redderet.
1135 2501 1330 2567 NecPontiacii

150 2608 239 2674 aliud
263 2606 297 2670 iu
315 2605 446 2670 consilio
466 2604 564 2669 fuisse
590 2603 663 2668 huic
690 2602 832 2689 pontifici
854 2602 981 2668 videtur
1002 2603 1034 2666 in
1059 2611 1110 2670 tot
1129 2581 1332 2708 con-{fflssf’

150 2708 301 2797 gerendis
324 2707 430 2794 legum
456 2704 654 2783 oeutonibus,
681 2726 777 2789 quam
799 2710 837 2769 ut
861 2703 1013 2790 plurimos
1040 2706 1202 2772 canonicis

150 2813 219 2878 suis
239 2810 384 2878 articrrlis
404 2809 548 2874 irretitos
569 2813 783 2892 teneretque
803 2806 931 2872 uberior
949 2815 1090 2892 quaestus
1111 2809 1141 2873 ei
1162 2832 1203 2874 ex

150 2913 441 3002 dispensationibus
470 2919 504 2977 et
532 2909 850 2976 condemnationibus
882 2919 1088 2977 accresceret.
1142 2915 1202 2978 At-

150 3041 214 3105 que
239 3017 322 3082 hanc
345 3021 427 3101 puta
451 3013 680 3099 catastrophen
703 3033 771 3077 esse
797 3012 892 3098 hujus
915 3013 1067 3100 choragii.
1120 3014 1202 3080 Nem

150 3128 189 3185 ut
217 3126 341 3183 veteres
375 3115 450 3180 olim
480 3114 644 3180 oomoediae
672 3113 805 3179 exibant
830 3114 896 3179 iere
926 3114 958 3178 in
988 3114 1126 3199 nuptias,
1155 3116 1203 3180 ita

150 3220 312 3309 pontificis
337 3239 447 3282 omnes
469 3217 536 3282 lere
564 3216 743 3281 molitiones
768 3215 956 3281 desinebant
981 3215 1015 3280 in
1040 3217 1200 3302 pecunias.

150 3325 299 3390 Breviter
321 3322 381 3386 sub
406 3321 466 3385 hoo
495 3319 648 3406 pontifice
673 3318 721 3382 ita
744 3319 925 3404 gubernata
953 3327 1004 3384 est
1029 3341 1081 3384 res
1106 3320 1202 3385 eoele-

149 3426 293 3503 siastioa,
311 3430 350 3489 ut
372 3423 405 3487 in
429 3421 531 3509 pejori
557 3422 626 3486 loeo
649 3443 707 3486 uec
734 3421 815 3486 alias
843 3422 940 3487 fuerit
969 3445 1119 3510 unquam,
1144 3444 1202 3487 neo

150 3538 220 3596 tum
241 3549 312 3594 em
330 3526 493 3614 potuerim
518 3524 645 3610 quando
665 3524 743 3587 nihil
760 3523 793 3586 in
811 3524 960 3610 religione
980 3525 1045 3589 sere
1067 3532 1200 3600 rectum,

149 3634 182 3697 in
204 3629 350 3696 moribus
371 3627 448 3691 nihil
470 3648 594 3702 sanum,
610 3623 686 3688 nihil
709 3624 741 3688 in
761 3624 961 3690 conscientiis
983 3625 1127 3704 liberum,
1144 3648 1201 3691 neo

150 3736 182 3800 in
218 3735 307 3800 cultu
344 3731 500 3795 sincerum
537 3727 786 3814 relinquebatur,
816 3749 873 3792 nee
903 3727 935 3791 in
963 3727 1086 3814 iegibus
1115 3728 1201 3813 quio-

149 3859 246 3926 quam
275 3833 337 3900 uisi
363 3833 449 3919 quod
470 3832 513 3897 ad
534 3830 662 3895 inutiles
685 3830 839 3916 quasdam
861 3830 1055 3895 ceremonias
1077 3831 1125 3895 vel
1146 3833 1201 3897 ab

149 3941 247 4006 surda
271 3937 436 4024 dogmata,
459 3934 508 3998 vel
533 3933 576 3998 ad
605 3931 726 3996 ordinis
755 3931 1023 4018 magnificentiam
1048 3932 1200 3997 tuendam

149 4038 342 4127 pertinebat.
394 4034 492 4100 Etsi
519 4034 550 4098 in
574 4032 770 4098 consistoriis
796 4034 1026 4098 ostendebatur
1052 4034 1201 4099 nonnulla

150 4143 258 4207 forsan
277 4138 413 4227 justitiae
436 4138 550 4202 umbra
572 4143 607 4201 et
628 4158 752 4200 morum
770 4136 937 4222 inspectio,
958 4135 1002 4200 aia
1022 4142 1129 4200 tamen
1149 4157 1201 4199 res

149 4244 333 4330 gerebatur,
360 4247 399 4304 ut
427 4239 532 4323 pretio
562 4237 638 4301 nulli
668 4259 730 4300 non
757 4235 876 4301 venalis
905 4235 988 4300 soret
1016 4235 1200 4320 impunitae.
