2692 4800
426 317 475 368 mr
499 317 590 368 arms
615 317 918 368 conrasrrmonn.
1120 303 1192 367 213

266 565 348 628 nra·
361 563 721 649 nuncuparem
734 564 856 627 acam
870 560 1068 648 smmpto.

192 703 287 773 Cum
306 704 342 772 in
361 701 483 773 libello
501 701 614 772 muita
630 712 810 794 petuntur,
825 726 895 772 non
914 712 969 772 cst
987 703 1193 794 permitten-

147 820 230 890 dum
248 829 291 888 ut
308 841 380 889 una
396 820 621 911 responsione
639 842 720 889 reus
737 820 856 889 omnia
879 817 982 889 simul
1001 819 1036 887 in
1056 820 1195 888 univer-

148 957 223 1006 sum
255 944 374 1028 neget.
431 933 492 1004 Sic
522 935 615 1004 enim
647 934 750 1004 facile
772 934 950 1026 judicium
978 934 1194 1015 eluderetur,

148 1074 212 1122 uec
235 1053 281 1122 de
304 1050 369 1121 lite
388 1051 483 1120 iuter
504 1061 658 1121 actorem
687 1061 725 1120 et
747 1074 846 1121 reum
865 1058 1052 1132 constaret,
1079 1072 1195 1140 neque

144 1167 254 1259 judex
278 1175 398 1258 posset
424 1165 521 1236 litem
544 1167 643 1258 justa
667 1168 844 1237 sententia
869 1166 1043 1237 dirimere.
1098 1165 1193 1234 Nam

151 1307 239 1375 saepe
274 1284 461 1376 contingit,
491 1294 532 1352 ut
568 1306 611 1352 ex
646 1281 769 1352 multis
804 1282 1034 1374 petitionibus
1069 1281 1195 1372 aliqua

151 1422 237 1470 vcrae
261 1400 341 1480 sint,
360 1396 486 1491 aliquae
506 1398 611 1483 falsa,
630 1400 673 1469 ad
692 1422 778 1490 quas
799 1422 879 1469 cum
905 1421 977 1468 una
1000 1399 1195 1487 eademque

150 1516 373 1609 responsione
393 1515 553 1584 satisfieri
578 1538 649 1584 uon
671 1516 790 1607 possit,
808 1514 971 1585 volumus
995 1525 1035 1584 ut
1053 1536 1132 1584 reus
1150 1514 1195 1583 de

150 1630 295 1724 singulis
313 1631 456 1700 seorsim
475 1631 698 1721 respondeat.

153 1915 158 1925 ι
291 1844 460 1908 (iratumne
474 1851 578 1906 contra
592 1841 735 1926 scipsum
744 1841 964 1927 prejudicium
970 1843 1065 1925 facit.

198 1981 271 2052 Per
286 1982 544 2052 contumaciam
563 2005 633 2051 non
652 1983 887 2073 comparentis
904 1981 1050 2050 minime
1066 1979 1107 2049 fit
1125 1980 1196 2051 litis

146 2099 375 2170 contestatio.
428 2096 566 2169 Verum
598 2105 790 2167 contumax
822 2096 1019 2175 habebitur,
1047 2093 1103 2164 vel
1132 2119 1196 2188 pro

145 2214 350 2296 confitente,
370 2212 424 2283 vel
443 2237 505 2306 pro
523 2222 688 2308 negante,
708 2224 812 2306 prout
830 2214 941 2306 magis
961 2213 996 2281 in
1016 2214 1091 2303 ejus
1111 2235 1197 2303 prce·

137 2330 319 2424 judicium
338 2329 462 2423 vergit.

222 2542 422 2623 Emepriom
436 2541 594 2604 dilator-icc
608 2541 673 2604 litis
688 2542 924 2605 concoctionem
939 2542 1117 2625 impediunt.

189 2678 374 2749 Dilatoriae
392 2681 620 2770 exceptiones
638 2678 736 2748 litem
752 2702 892 2771 prorsus
909 2703 979 2749 non
998 2689 1198 2752 contestan-

148 2804 227 2877 tur;
265 2794 339 2862 imo
373 2794 400 2862 si
436 2792 592 2884 probatos
626 2793 757 2864 fuerint
786 2793 925 2885 (saitem
962 2796 1005 2865 ad
1042 2795 1196 2889 tempus)

148 2918 271 2981 vetant
288 2933 334 2978 ne
350 2909 393 2979 lis
411 2916 643 2991 contestetur,
661 2911 743 3000 quia
765 2911 857 2981 circa
880 2911 1070 3003 principale
1091 2934 1198 3005 nego-

147 3027 238 3095 tium
268 3022 514 3095 controversiae
545 3046 615 3093 non
650 3037 843 3107 versantur,
875 3026 918 3096 dc
952 3050 1023 3117 quo
1059 3027 1197 3118 proprie

147 3141 222 3211 fieri
240 3140 348 3211 debet
366 3140 440 3209 litis
457 3141 679 3211 contestatio.

387 3356 539 3422 Similiter
554 3358 736 3442 acceptiones
744 3360 965 3444 peremptorio.

195 3496 369 3580 Quaedam
396 3498 625 3590 exceptiones
650 3499 895 3590 peremptoriae
922 3497 1033 3580 litem,
1052 3523 1096 3569 ue
1115 3524 1193 3570 con-

146 3621 310 3694 testetur,
345 3613 556 3705 impediunt,
587 3623 629 3682 ut
660 3614 824 3704 exceptio
860 3615 1116 3698 transactionis,
1147 3617 1197 3686 rei

139 3729 320 3821 judicatae,
338 3738 376 3799 et
393 3728 465 3799 litis
482 3730 602 3799 finite.
655 3728 774 3812 Quare
785 3729 899 3820 judex
918 3730 962 3799 de
980 3731 1198 3821 exceptioni-

145 3845 212 3915 bus
229 3844 413 3929 dilatoriis,
431 3857 468 3915 et
484 3846 527 3915 iis
551 3847 807 3938 peremptoriis,
826 3868 908 3937 quae
928 3844 1000 3914 litis
1022 3855 1199 3916 contesta-

146 3962 281 4032 tionem
318 3962 528 4054 impediunt,
559 3962 604 4033 ab
639 3963 741 4031 initio
772 3984 884 4032 causae
918 3984 1130 4056 cognoscere
1160 3974 1198 4032 et

146 4079 377 4169 pronunciare
394 4078 511 4148 debet.
563 4077 656 4147 Alioe
679 4087 800 4148 autem
821 4079 1048 4169 exceptiones
1070 4087 1197 4169 praeter

146 4201 381 4274 enumeratas,
402 4191 474 4261 litis
494 4193 791 4262 contestationem
816 4192 858 4279 (si
883 4192 1107 4283 objiciantur)
1126 4214 1196 4262 non

147 4305 347 4399 prohibent.
