2692 4800
150 250 199 316 58
401 265 691 320 balneamus
717 267 762 318 srr
788 264 981 321 emersus.
1161 264 1191 318 c
1209 266 1254 340 ις-

291 503 371 590 Cap.
390 524 439 589 19.
469 503 635 590 Separatio
650 501 1070 569 amanoattlorotoib'tar.

178 633 314 705 Mensae
330 635 480 705 societas
496 642 535 704 et
552 631 644 703 thori
663 632 800 704 solebat
816 633 855 703 in
871 634 977 704 certis
993 633 1197 705 criminibus

150 752 259 823 adimi
290 750 519 845 conjugibus3
554 748 650 820 salvo
681 758 801 820 tamen
835 748 1033 820 interillos
1062 749 1197 842 reliquo

150 867 365 937 matrimonii
376 868 468 959 jure.
495 865 584 950 Quae
602 865 811 936 constitutio
828 887 946 935 cuma
962 866 1072 936 sacris
1089 864 1197 937 literis

149 982 265 1054 aliena
284 984 340 1064 sit,
358 992 396 1055 et
414 983 608 1052 maximam
626 981 892 1073 perversitatem
911 981 1050 1065 habeat
1069 990 1110 1054 et
1126 1004 1197 1052 rna·

149 1096 264 1168 lorum
280 1098 457 1169 sentinam
474 1097 509 1166 in
527 1096 793 1166 matrimonium
809 1098 1095 1190 comportaverit,
1109 1096 1196 1170 illud

149 1211 365 1281 authoritate
381 1219 502 1280 nostra
518 1218 636 1280 totum
653 1207 787 1280 aboleri
804 1209 933 1304 placet.

236 1389 313 1475 cap.
331 1407 381 1453 ao.
404 1389 541 1453 Iocastes
555 1397 584 1452 at
596 1387 791 1452 scortationes
804 1386 952 1453 &sicomoro
965 1389 1115 1475 quom

581 1490 768 1575 puniantur.

183 1622 345 1694 Incestus
358 1624 500 1706 omnis¹,
514 1622 725 1692 nominatim
737 1632 860 1693 autem
872 1624 901 1693 is
911 1625 971 1716 qui
983 1623 1143 1714 primum
1154 1625 1198 1697 ad

148 1741 297 1835 gradum
314 1740 482 1822 ascendit,
496 1738 669 1809 afficietur
680 1762 785 1832 poena
801 1737 1028 1834 sempitemi²
1038 1744 1197 1817 carceris.

148 1857 291 1928 Deinde
316 1857 545 1928 scortationes
571 1865 609 1925 et
628 1879 728 1950 vagae
745 1854 1007 1948 licentiosaeque
1032 1855 1198 1930 libidines

149 1973 263 2042 omnis
287 1973 425 2066 generis
450 1994 579 2064 magna
603 1970 856 2064 suppliciorum
880 1970 1076 2042 acerbitate
1101 1994 1199 2044 com·

148 2083 440 2179 prehendantur³,
446 2093 487 2156 ut
498 2086 641 2156 tandem
653 2083 843 2177 aliquando
854 2083 1023 2155 radicitus
1033 2106 1081 2156 ex
1088 2108 1198 2181 reguo

148 2211 269 2273 nostro
287 2203 519 2295 extirpentur.
572 2200 811 2272 Ecclesiastici
829 2201 939 2294 igitur
953 2200 1097 2293 judices
1121 2201 1199 2273 dili·

148 2328 275 2415 genter
299 2320 479 2414 evigilent,
506 2328 547 2390 ut
573 2342 800 2412 quascunque
825 2341 991 2412 personas
1016 2328 1057 2390 et
1081 2321 1198 2412 cujus·

149 2459 290 2528 cunque
317 2459 423 2508 sexus
451 2437 633 2532 flagitiosis
660 2445 698 2507 et
725 2438 871 2530 impuris
899 2437 1089 2509 libidinum
1114 2460 1198 2509 con·

148 2553 324 2646 gressibus
344 2553 541 2646 implicatas
563 2557 601 2624 in
618 2555 1024 2624 excommunicationem
1041 2555 1195 2648 ejiciant,

149 2671 213 2739 nisi
232 2679 371 2740 mature
388 2671 512 2740 moniti
531 2671 752 2763 resipuerint.
806 2669 855 2739 Et
872 2671 957 2741 licet
978 2692 1016 2742 se
1036 2672 1105 2764 ipsi
1122 2695 1196 2743 cor·

148 2788 315 2868 rexerint,
327 2795 447 2857 tamen
459 2787 599 2880 publice
617 2795 789 2881 cogantur
800 2784 967 2858 Ecclesiae
983 2789 1195 2859 satisfacere.

150 2901 326 2974 Praeterea
343 2904 465 2973 decem
487 2902 593 2974 libras
615 2904 649 2972 in
668 2925 863 2995 pauperum
881 2904 1007 2973 cistam
1025 2902 1195 2977 Ecclesiae

147 3041 219 3090 suae
236 3021 412 3113 propriam
430 3020 623 3112 imponant,
635 3019 692 3089 vel
710 3021 738 3089 si
756 3020 910 3089 minores
927 3019 1070 3091 illorum
1088 3021 1196 3093 facul·

148 3143 241 3206 tates
264 3145 356 3218 sunt,
374 3145 517 3206 tantum
535 3137 719 3229 imponant
736 3145 910 3228 quantum
927 3135 972 3205 de
992 3135 1097 3209 bonis
1119 3138 1195 3209 illo·

149 3274 228 3322 rum
246 3253 431 3323 commode
449 3252 586 3323 detrahi
604 3260 734 3344 potest.

236 3480 312 3563 Cap.
331 3498 381 3544 21.
404 3477 509 3542 Filius
523 3500 582 3542 ocra
597 3478 744 3564 lopitimas
758 3478 900 3563 qaoowdo
914 3476 956 3542 sit
967 3477 1107 3544 alenda

202 3600 314 3672 Filius
348 3625 392 3672 ex
427 3600 602 3672 adulterio
637 3609 831 3693 susceptus,
865 3610 928 3671 aut
963 3623 1009 3672 ex
1044 3602 1190 3697 simplici

148 3719 372 3802 scortatione,
383 3718 682 3811 quemadmodum
702 3716 892 3810 appellant,
905 3717 1015 3811 patris
1028 3719 1192 3812 impensis

147 3836 272 3919 alatur,
302 3837 331 3906 si
361 3837 504 3928 quidem
532 3836 562 3906 is
589 3836 736 3905 inveniri
768 3833 909 3926 poterit.
964 3833 1036 3918 Qui
1068 3835 1097 3907 si
1127 3858 1192 3906 non

148 3954 278 4045 poterit
296 3953 381 4035 erui,
393 3962 507 4023 mater
519 3974 623 4022 suum
638 3952 713 4044 ipsa
726 3951 852 4022 foetum
866 3951 1015 4044 propriis
1028 3951 1190 4046 impensis

148 4077 334 4140 sustentet.

231 4239 238 4278 ¹
252 4240 343 4298 omnis
358 4260 407 4298 om.
531 4238 736 4315 ²sempiterna.
861 4236 874 4273 ³
887 4241 1151 4318 comprehendatur.
