2692 4800
96 307 124 383 l.
357 389 361 398 ,
394 335 447 385 so
472 334 744 387 uocursrasmcs
769 334 973 389 susumus.
1158 316 1206 389 65

153 485 319 558 solebant
334 488 398 580 qui
416 489 596 563 beneficiis
613 490 710 585 prius
727 490 973 565 ecclesiasticis
988 487 1206 571 fruebantur,

153 624 320 675 curarum
339 608 398 698 (ut
420 607 487 700 ipsi
510 608 734 701 interpretati
756 616 794 679 et
814 608 923 679 etiam
947 605 1086 698 loquuti
1108 609 1206 696 sunt)

153 720 374 813 expertibus.
427 721 507 794 Nos
532 732 655 795 autem
681 720 951 818 perdidicimus¹
979 721 1207 793 ecclesiarum

153 836 375 910 utilitatibus
393 860 517 911 omnes
529 840 698 935 inservire
709 840 856 924 debere,
867 839 1071 932 quicunque
1083 839 1207 909 vivunt

154 951 326 1026 Ecclesiae
359 956 600 1048 proventibus.
656 956 774 1052 Igitur
808 965 888 1028 tum
916 954 1094 1027 canonicis
1127 962 1207 1026 tum

154 1071 416 1162 praebendariis,
438 1073 498 1164 qui
525 1080 623 1144 certa
645 1073 712 1144 sibi
736 1097 808 1143 non
830 1072 964 1145 habent
988 1073 1025 1142 in
1050 1069 1208 1142 ecclesiis

151 1186 343 1280 dispertita
362 1209 521 1272 munera,¹
537 1190 723 1284 negotium
743 1188 811 1261 hoc
829 1190 966 1274 damus,
984 1197 1026 1260 ut
1042 1188 1208 1260 ecclesias

151 1303 329 1391 docendo,
347 1305 602 1390 concionando,
620 1307 752 1378 morbis
774 1306 833 1379 vel
850 1306 955 1378 rebus
976 1305 1130 1377 adversis
1148 1304 1208 1375 de·

149 1441 291 1512 pressos
310 1419 468 1504 solando,
486 1420 692 1515 reliquaque
708 1422 853 1515 pietatis
875 1423 989 1495 officia
1012 1422 1209 1492 communi-

149 1535 268 1608 cando
286 1536 488 1622 sublevent,
501 1538 559 1609 vel
575 1537 655 1610 aliis
672 1539 940 1632 quibuscunque
957 1538 1022 1609 viis
1039 1537 1208 1631 legitimis

149 1660 192 1723 et
216 1654 328 1724 rectis
354 1675 442 1746 quas
467 1653 653 1747 episcopus
682 1662 721 1724 et
746 1655 900 1726 decanus
926 1652 1093 1725 Ecclesiae
1119 1676 1209 1746 prae-

147 1770 371 1865 scripserint.

197 1941 276 2027 (lep.
291 1959 338 2024 17.
363 1941 575 2029 Quepmuii
588 1939 753 2007 usurum
762 1939 991 2024 prebendariis
1001 1938 1164 2027 indulgeri.

205 2061 289 2135 Hoc
306 2071 430 2134 autem
448 2063 518 2134 illis
536 2060 771 2157 indulgemus,
786 2061 846 2152 qui
860 2060 914 2131 vel
930 2062 974 2131 ad
988 2061 1208 2154 praebendas,

146 2176 277 2249 velud
294 2178 534 2261 canonicatus,
552 2175 610 2249 vel
627 2178 672 2248 ad
692 2176 866 2249 beneficia
885 2184 1062 2249 certorum
1084 2200 1210 2249 mune·

146 2316 234 2365 rum
251 2294 413 2388 expertia
426 2301 509 2365 sunt
522 2291 679 2378 adsciti2,
689 2293 970 2386 quinquennium
981 2301 1023 2364 ut
1034 2292 1209 2364 doctrina·

147 2433 235 2481 rum
267 2411 396 2482 studiis
428 2411 464 2481 in
495 2409 685 2481 academiis
714 2410 932 2504 impendant,
959 2410 1027 2481 hoc
1057 2410 1208 2503 adjecto,

146 2524 304 2621 singulis
327 2534 370 2596 ut
390 2526 492 2598 annis
510 2524 631 2596 literas
653 2525 809 2596 scribant
831 2546 913 2595 cum
936 2525 981 2595 ed
1004 2525 1208 2618 episcopum

147 2653 235 2714 tum
249 2644 293 2715 od
308 2643 486 2738 integram
499 2642 720 2726 societatem,
735 2663 840 2734 quam
859 2639 1055 2733 capitulum
1070 2651 1208 2726 uocant,

144 2763 192 2832 in
208 2760 339 2854 quibus
356 2759 511 2832 fideliter
534 2761 708 2831 rationem
726 2758 812 2827 vitae
836 2757 986 2827 reddant
1009 2765 1047 2828 et
1068 2780 1209 2830 morum

145 2887 193 2950 et
209 2877 464 2972 progressionis
481 2878 517 2946 in
533 2875 702 2948 doctrina.
737 2874 828 2944 Cum
846 2882 967 2945 autem
980 2872 1209 2967 absumptum

145 3003 211 3066 est
236 2994 530 3087 quinquennium,
549 2994 587 3063 in
611 3015 675 3064 sua
697 2990 869 3062 beneficia
894 2987 948 3059 vel
974 2990 1210 3063 ecclesiastica

145 3133 305 3183 munera
321 3132 441 3182 rursus
458 3110 603 3181 introire
620 3117 803 3204 cogantur.

372 3340 451 3424 (lap.
467 3339 516 3404 18.
539 3340 588 3403 De
602 3334 758 3402 natalibus
772 3335 988 3401 ministrorum.

206 3459 405 3554 Postquam
440 3459 486 3530 de
520 3460 596 3530 vita
628 3457 733 3552 plene
766 3458 950 3553 cognitum
983 3465 1049 3542 est,
1077 3458 1122 3529 de
1155 3483 1210 3532 re-

148 3578 301 3674 ligione,
333 3576 563 3659 descientia,
594 3576 639 3646 de
668 3572 853 3646 voluntate
881 3575 1116 3646 sacerdotium
1146 3577 1210 3648 ad-

149 3693 393 3776 ministrandi,
420 3700 458 3762 et
482 3691 520 3762 in
545 3712 589 3762 eo
612 3691 826 3773 remanendi,
852 3690 996 3761 tandem
1027 3692 1136 3762 etiam
1163 3694 1209 3765 ad

118 3834 124 3841 ·
150 3810 294 3882 natales
311 3818 350 3881 et
368 3816 466 3878 ortus
482 3806 623 3878 illorum
645 3806 887 3878 descendatur.
940 3805 988 3877 Et
1006 3830 1209 3901 quanquam

150 3928 290 4023 stupris
312 3933 501 4019 parentum
526 3932 564 3994 et
587 3921 769 3994 adulteriis
798 3920 861 3992 filii
887 3943 958 3990 non
989 3934 1209 4014 premuntur,

150 4053 334 4139 quantum
365 4040 510 4135 quidem
537 4040 581 4111 ad
611 4038 917 4109 immortalitatem
945 4039 1027 4109 vitae
1056 4040 1210 4116 coelestis

150 4159 212 4233 et³
235 4162 372 4232 futurae
395 4158 561 4251 pertinet,
579 4164 699 4227 tumen
724 4153 823 4225 Deus
846 4154 1011 4246 quoniam
1035 4156 1209 4232 immenso

240 4324 250 4364 ¹
272 4326 497 4404 praedidicimus.
681 4319 821 4399 ²adserti.
1005 4318 1061 4382 ³et
1075 4343 1126 4387 om.

675 4443 696 4494 F
