2692 4800
440 307 489 359 na
514 306 908 359 rxcouuumcsrronn
1125 289 1197 368 169

152 578 226 665 Gap.
238 594 270 664 5.
299 574 491 642 Unica-citor
508 582 566 640 cut
578 574 733 661 σοίῖῳίυω
746 595 806 639 noa
818 582 918 661 potest
932 576 1198 642 ecccmmcaiccri.

198 715 337 810 Integri
361 721 486 794 coetns,
503 734 592 806 quos
618 713 863 784 universitates
886 711 940 784 vel
966 712 1115 808 collegia
1137 737 1198 785 vo-

151 839 241 914 cant,
257 829 636 903 excommunicationis
658 852 762 922 poena
778 828 1029 921 comprehendi
1046 852 1118 899 non
1136 831 1197 901 de-

151 946 245 1019 bent.
297 946 390 1017 Cum
407 945 503 1017 enim
521 944 570 1015 ibi
587 945 738 1018 varietas
762 967 890 1039 magna
907 945 953 1014 sit
970 966 1195 1037 personamm

151 1063 319 1156 cujusque
348 1060 499 1156 generis,
524 1060 723 1154 aliquorum
753 1061 956 1131 innocentia
984 1059 1245 1140 violareturzssr

151 1188 269 1252 uostm
291 1201 374 1252 vero
400 1177 591 1250 clementia
613 1178 733 1271 potius
753 1176 855 1248 malis
879 1177 991 1269 parcit
1012 1198 1118 1268 quam
1136 1176 1199 1248 bo-

153 1318 213 1366 nos
230 1295 367 1389 plectit
412 1294 540 1388 ltaque
557 1292 622 1364 soli
639 1293 751 1386 poenis
767 1292 979 1385 plectentur,
997 1291 1198 1385 quicunque

153 1411 185 1481 in
203 1411 406 1505 hujusmodi
423 1418 520 1481 coetn
537 1407 602 1479 soli
619 1415 864 1501 peccavemnt.

215 1624 295 1711 Cap.
311 1626 343 1689 6.
366 1619 644 1688 Eccommunm
651 1621 822 1707 paidom
835 1632 864 1687 ct
877 1618 1038 1686 dalilam
1052 1620 1137 1687 dedet

612 1723 743 1789 institui.

191 1862 369 1948 Quoniam
387 1842 433 1934 ex
448 1861 564 1957 poenis
580 1860 745 1932 omnibus
762 1862 1008 1933 ecclesiasticis
1018 1861 1199 1933 acerbissi-

150 1981 277 2052 aimam
310 1981 474 2074 ponimus
508 1980 923 2062 excommunicationem,
954 1979 1197 2050 acutissimum

148 2097 227 2190 ejus
243 2118 449 2167 mucronem
470 2096 546 2168 sine
563 2117 692 2190 magua
710 2103 920 2188 maturaque
943 2094 1198 2166 deliberatione

148 2211 313 2307 distringi
331 2211 506 2283 nolumus.
553 2211 607 2282 Ut
624 2220 745 2282 autem
763 2213 799 2281 in
816 2210 883 2282 bac
900 2235 939 2283 re
957 2210 1199 2281 vitiosissimos

106 2423 110 2429 ·
143 2329 370 2423 superiorum
409 2339 610 2422 temporum
652 2329 740 2398 ritus
783 2328 972 2399 emendare
1014 2327 1199 2420 possimus,

145 2446 305 2541 primum
330 2445 368 2515 in
392 2443 491 2515 nulla
511 2444 750 2538 permittimus
776 2467 847 2515 una
872 2466 1020 2537 persona
1045 2452 1200 2537 potesta·

145 2573 223 2633 tem
259 2561 636 2632 excommunicationis
679 2559 852 2632 collocari.
921 2561 1044 2632 Totius
1077 2570 1199 2631 autem

146 2678 308 2750 ecclesia
337 2700 525 2749 consensus
551 2700 751 2770 quanquam
782 2679 954 2771 imprimis
980 2686 1074 2749 esset
1100 2686 1200 2771 opta·

147 2795 243 2879 bilis,
277 2802 398 2865 tamen
426 2795 594 2887 quoniam
624 2792 830 2866 difficillime
860 2793 979 2888 colligi
1013 2803 1132 2887 potest
1161 2804 1200 2866 et

149 2911 321 3005 conquiri,
345 2910 395 2981 sic
419 2911 741 2981 excommunicatio
766 2911 946 3003 procedat,
963 2918 1006 2980 ut
1029 2908 1200 3002 archiepi-

151 3050 278 3122 scopus
301 3026 358 3098 vel
383 3028 568 3120 episcopus
593 3027 649 3097 vel
675 3025 765 3096 alius
790 3025 993 3118 quicunqne
1019 3025 1199 3119 legitimus

144 3147 259 3238 judex
276 3143 534 3215 ecclesiasticus
553 3165 663 3213 unum
682 3142 727 3213 ad
744 3164 782 3213 se
799 3141 950 3235 publicae
963 3142 1058 3235 pacis
1071 3151 1199 3212 nostrae

152 3243 346 3342 custodem,
364 3282 472 3353 quem
489 3259 595 3353 vulgo
609 3260 844 3354 justitiarium
863 3267 1000 3339 vocant,
1018 3267 1197 3351 aggreget,

151 3401 193 3449 ac
218 3377 398 3471 proprium
423 3375 517 3447 illius
543 3375 700 3447 ecclesiae
728 3375 928 3444 ministrum
956 3375 993 3443 in
1021 3397 1091 3465 qna
1118 3396 1199 3443 reus

153 3494 336 3576 inhabitat,
355 3491 411 3563 vel
436 3492 590 3586 aliquem
616 3494 672 3564 cui
699 3492 860 3561 minister
884 3469 964 3561 suas
984 3491 1078 3561 vices
1103 3512 1199 3561 com-

153 3612 296 3682 mittat:
326 3609 456 3682 deinde
478 3617 664 3680 sumantur
689 3607 797 3678 etiam
824 3607 894 3677 duo
921 3604 1081 3689 veltres,
1108 3605 1199 3676 arbi·

152 3736 247 3797 tratu
253 3726 399 3819 judicis,
410 3724 506 3795 docti
519 3725 680 3817 beneque
694 3724 819 3793 morati
832 3721 1036 3816 presbyteri,
1048 3741 1198 3813 quorum

151 3843 186 3913 in
216 3841 417 3936 praesentia,
447 3862 529 3909 cum
558 3862 613 3909 res
647 3841 722 3931 ipsa
751 3837 1020 3931 diligentissime
1047 3843 1199 3907 tractata

149 3958 421 4053 gravissimeque
454 3955 649 4048 ponderata
678 3954 795 4035 fuerit,
825 3952 971 4023 tandem
1001 3953 1046 4023 ad
1078 3952 1198 4022 decer-

150 4074 302 4146 nendam
320 4071 725 4143 excommunicationem
743 4069 989 4140 descendatur.
