2640 4806
187 267 260 333 200
429 284 479 335 na
496 285 637 336 omero
655 284 700 334 nr
715 281 996 334 uuarsnrcrroua

563 533 748 599 Junsdictio
762 535 850 621 repis.

236 673 316 746 Rex
340 684 413 745 tarn
438 678 472 745 in
498 676 788 768 archiepiscopos,
808 674 1001 767 episcopos,
1019 673 1176 756 clericos,
1194 683 1227 744 et

185 789 272 861 aiios
297 791 487 875 ministros,
515 815 618 884 quam
647 792 683 859 in
709 789 818 861 laicos
847 789 938 860 infra
968 813 1034 861 sua
1063 812 1172 884 regna
1194 799 1227 858 et

185 907 342 976 dominia
379 906 618 1001 plenissimam
652 906 948 997 jurisdictionem,
984 915 1059 976 tam
1093 904 1228 977 civilem

186 1045 291 1114 quam
317 1021 599 1105 ecclesiasticam,
618 1021 726 1092 habet
751 1030 789 1092 et
814 1044 980 1094 exercere
1004 1030 1137 1116 potest,
1153 1044 1229 1093 curn

186 1139 302 1207 omnis
319 1138 522 1228 jurisdictio
547 1148 585 1207 et
609 1137 847 1208 ecclesiastica
871 1146 910 1210 et
935 1138 1106 1209 monialis
1127 1137 1172 1208 ab
1191 1159 1229 1208 eo

187 1261 353 1345 tanquam
373 1276 418 1324 ex
436 1278 507 1326 uno
525 1263 562 1324 et
580 1252 705 1325 eodem
723 1253 824 1324 fonte
842 1250 1051 1326 derivaturl.

232 1479 418 1544 Juriadictio
436 1478 662 1565 archiepiscopi,
677 1479 888 1564 epsicoporum,
903 1478 1190 1544 archidiaconorum

617 1579 800 1645 italiorum.

238 1717 514 1813 Archicpiscopi‚
550 1722 704 1815 episcopi
745 1721 836 1792 infra
869 1743 949 1792 suas
982 1721 1166 1804 dioeoeses,
1198 1729 1232 1791 et

188 1834 392 1925 capitulum,
420 1837 504 1906 sede
535 1845 693 1917 vacante,
713 1837 998 1928 jurisdictionem
1024 1835 1232 1906 ordinariam

188 1973 233 2020 ex
262 1950 367 2045 lege;
406 1951 642 2022 archidiaconi
675 1976 759 2025 vero
792 1975 833 2022 ac
867 1952 976 2024 ceteri
1008 1951 1232 2023 ecclesiarum

188 2065 322 2159 praelati
348 2066 463 2137 solum
489 2091 534 2138 ex
561 2068 754 2162 privilegio,
781 2069 1048 2161 compositione,
1068 2077 1133 2139 aut
1157 2088 1234 2138 con-

188 2185 377 2254 suetudins
394 2186 594 2277 praescripta
610 2186 798 2276 acquirunt
814 2193 852 2254 et
869 2184 1013 2255 habent.

239 2297 528 2369 Jurisdictionem
558 2300 767 2370 ordinariam
799 2322 845 2369 ex
875 2299 1071 2393 privilegio,
1097 2322 1236 2392 compo

190 2414 328 2497 sitione,
351 2415 407 2485 vel
433 2416 688 2486 consuetudine
714 2415 915 2508 praescripta
943 2423 1028 2486 ante
1054 2415 1119 2485 has
1145 2414 1237 2509 leges

190 2542 326 2602 nostras
347 2533 598 2603 ecclesiasticas
624 2554 687 2625 per·
707 2554 955 2624 quemcunque
978 2531 1137 2602 ecclesia
1158 2555 1238 2624 pra⁴

191 2647 303 2717 latum
321 2649 540 2740 acquisitam,
559 2651 593 2718 in
612 2672 675 2719 suo
694 2647 818 2719 robore
836 2647 912 2735 (ubi
934 2647 988 2717 his
1006 2648 1147 2741 legibus
1164 2671 1238 2718 nos-

192 2766 254 2834 tris
272 2788 342 2833 non
360 2766 577 2857 adversatur)
597 2788 856 2856 permansuram
877 2765 952 2835 fore
963 2765 1180 2857 judicamus

247 2880 537 2952 Jurisdictionem
574 2905 618 2950 ex
653 2881 847 2974 privilegio,
882 2882 1151 2974 compositione,
1186 2880 1239 2952 vel

193 2998 448 3068 consuetudine
472 2998 687 3089 praescripta,
706 3020 767 3088 per
789 2997 1068 3089 archiepiscopos
1092 2996 1240 3068 antehac

193 3115 284 3184 infra
307 3137 386 3183 suas
413 3113 607 3205 provincias
631 3113 797 3183 usitatam
816 3113 859 3199 (si
877 3113 931 3183 his
952 3112 1092 3207 legibus
1115 3115 1240 3184 nostris

193 3254 264 3301 non
289 3233 477 3323 repugnet)
501 3253 571 3299 non
597 3228 710 3299 solum
737 3229 940 3312 consistere,
958 3231 1019 3300 sed
1046 3231 1157 3301 etiam
1183 3252 1241 3322 per

195 3346 338 3417 cosdem
356 3348 390 3415 in
410 3347 568 3415 futurum
588 3369 752 3415 exercere
778 3367 878 3436 posse
896 3344 1040 3438 placuit.

578 3555 703 3620 lucinis
717 3555 856 3637 ffciurn.

247 3692 421 3787 Congruit
445 3694 536 3763 bono
563 3705 600 3763 et
624 3696 722 3787 gravi
741 3695 856 3786 judici
882 3719 927 3765 ex
954 3694 1069 3765 officio
1096 3719 1161 3766 suo
1187 3720 1245 3767 cn·

196 3834 284 3893 rare,
314 3820 354 3880 ut
388 3822 512 3903 pacata
545 3825 583 3880 et
612 3813 735 3903 quieta
768 3822 806 3881 et
840 3812 883 3881 ad
919 3812 1090 3904 pietatem
1126 3814 1245 3883 dedita

191 3928 392 4018 jurisdictio
420 3928 475 4006 sit,
503 3950 608 4017 quam
633 3928 744 4021 regit3
771 3929 866 4019 quod
893 3951 962 3997 non
984 3926 1130 3998 difficile
1156 3928 1245 3998 ohti-

197 4046 308 4127 nebit,
335 4046 362 4113 si
389 4044 538 4113 sollicite
565 4043 609 4112 de
636 4044 737 4114 malis
762 4044 963 4115 hominihus
988 4047 1183 4137 conquirat,
1210 4056 1246 4115 et

198 4171 303 4252 prout
346 4162 493 4253 quisque
538 4159 736 4252 deliquerit,
772 4161 808 4228 in
852 4184 935 4231 enm
977 4162 1244 4234 animadvertat.

626 4297 634 4342 ¹
652 4301 821 4357 derivantur,
