2692 4800
527 319 806 387 APPENDIX.

192 478 257 552 178,
275 497 323 554 29.
346 479 411 537 MS.
427 500 484 538 non
499 482 605 539 debent

187 608 227 618 —
244 576 293 632 ult.
314 575 454 634 accideret
481 577 550 636 MS.
565 579 739 654 acciperetur

192 689 259 747 179,
281 691 323 744 ¹4·
345 681 412 730 sunt
436 672 502 730 MS.
517 694 615 732 sumus

186 803 227 812 -
246 789 288 843 ¹4
311 770 359 828 illa
373 789 426 827 nos
438 816 463 830 ..
478 817 503 830 ..
519 773 714 831 condonemus
735 775 783 831 Cr.
799 775 909 835 instead
924 779 957 836 oi
966 799 1024 837 non
1039 780 1131 837 solum
1145 780 1194 839 illa

146 886 199 924 nos
219 868 294 924 inter
314 887 367 926 nus
389 887 586 944 agnoscamus,
601 871 651 928 sed
670 872 823 930 toleremus
841 875 926 933 etiam
944 886 974 935 et
993 878 1132 953 patienter
1152 877 1193 935 fe·

146 985 241 1023 ramus

187 1096 227 1108 -
243 1082 290 1139 17.
312 1064 466 1123 fraternam
494 1066 561 1124 MS.
576 1067 697 1125 fratrum

194 1163 255 1226 180,
273 1182 301 1218 2.
326 1163 392 1221 MS.
407 1164 487 1220 illum
501 1165 663 1222 andeolum

186 1279 267 1335 —9.
291 1262 321 1318 Si
348 1261 415 1319 MS.
432 1262 508 1319 Etsi

186 1389 226 1399 —
240 1358 291 1414 ult.
314 1358 484 1416 Christiane
508 1357 576 1416 MS.
591 1359 746 1418 Christiani

189 1456 255 1523 181,
271 1473 299 1526 4.
320 1456 501 1513 affectionum
530 1455 595 1514 MS.
611 1457 800 1516 offensionum

184 1585 226 1594 —
244 1570 288 1626 19.
309 1552 445 1610 faciendae
473 1552 539 1610 MS.
555 1554 714 1611 sanciendae
769 1554 773 1561 ’

185 1682 225 1692 -
241 1668 287 1706 so.
309 1650 393 1708 After
408 1669 461 1706 nos
488 1648 556 1708 MS.
571 1650 623 1707 has
637 1652 787 1708 authorem

187 1766 291 1805 —22.
313 1747 397 1805 etiam
427 1746 565 1804 MS.om.

190 1847 256 1912 182,
276 1864 321 1918 14.
342 1865 396 1903 nos
410 1845 520 1903 erudiet
547 1844 615 1903 MS.
631 1865 690 1902 non
703 1845 837 1903 irridetur

185 1976 225 1986 —
245 1962 287 2018 17.
310 1943 421 2002 externi
449 1942 514 2000 MS.
529 1951 646 1999 externe

185 2074 225 2085 -
241 2060 290 2116 24.
313 2042 467 2099 abhorreas
495 2039 561 2098 MS.
576 2039 756 2098 exhorrueris

185 2170 226 2180 -—
243 2155 294 2212 27.
311 2158 363 2214 per
392 2137 458 2195 MS.
475 2147 590 2212 propter

190 2237 255 2308 183,
273 2237 319 2293 18.
341 2236 512 2310 baptismum
540 2233 607 2292 MS.
623 2236 754 2310 baptismi
769 2236 825 2293 vim

185 2333 386 2391 -26.i111m
415 2333 481 2390 MS.
496 2333 544 2390 illa

190 2431 257 2502 184,
270 2448 295 2487 2.
311 2430 378 2488 MS.
394 2431 480 2494 Deus,
496 2430 523 2488 Ο
539 2432 616 2489 Deus

185 2561 225 2572 -
239 2546 289 2602 31·
312 2529 473 2604 ecquidem
502 2528 642 2586 MS.om.

192 2627 256 2702 185,
273 2641 301 2702 5.
324 2628 415 2684 nostri
443 2625 581 2683 MS.om.

186 2758 226 2768 —
244 2744 290 2798 14.
313 2725 353 2781 sic
381 2723 446 2781 MS.
462 2744 518 2795 om.

185 2854 226 2865 -
239 2839 289 2894 3²·
312 2831 341 2879 et
354 2823 473 2879 eandem
488 2868 513 2882 ..
529 2867 554 2879 ..
574 2822 753 2896 requisiveris
766 2823 857 2879 added
872 2823 908 2898 by
924 2823 975 2880 Cr.

191 2920 256 2984 1116.
274 2939 320 2978 21.
343 2919 409 2977 MS.
426 2920 640 2994 perpetuitatem
656 2920 763 2977 altered
777 2921 815 2996 by
830 2919 880 2976 Cr.

186 3051 226 3060 —
241 3037 287 3094 29.
310 3015 374 3073 MS.
389 3016 590 3091 commigraret
603 3016 659 3071 and
673 3015 811 3089 reciperet

185 3149 226 3161 -
239 3116 346 3190 penult.
369 3113 436 3170 MS.
452 3132 615 3170 sermonum
631 3124 792 3169 nostrorum
807 3113 906 3181 officiis

190 3213 256 3287 187,
273 3213 299 3269 8.
322 3211 390 3270 MS.
406 3220 505 3270 nostro
519 3231 575 3268 om.

185 3330 268 3386 -9.
292 3329 354 3368 esse
383 3309 557 3367 MS.inease

186 3441 225 3452 -
240 3425 289 3481 32.
311 3409 381 3466 Jesu
405 3407 472 3465 MS.
487 3428 544 3465 orn.

185 3540 225 3549 —
239 3525 288 3581 34.
311 3506 535 3581 magnitudinem
564 3504 631 3562 MS.
646 3503 855 3562 multitudinem

190 3604 255 3665 188.
271 3621 299 3677 3.
322 3601 390 3660 MS.
404 3610 569 3678 antegressa

189 3733 221 3744 —
244 3720 288 3758 11.
310 3700 411 3775 partim
427 3708 457 3757 ut
472 3698 629 3756 ordinarius
647 3744 672 3757 ..
688 3744 711 3754 ..
733 3698 874 3773 intelligat
901 3697 968 3755 MS.
984 3717 1040 3756 om.

184 3834 226 3843 -
239 3818 300 3874 cap.
319 3818 342 3854 1.
371 3798 432 3855 The
446 3798 523 3854 titlcs
544 3796 576 3854 oi
594 3797 643 3854 the
662 3797 793 3871 chapters
811 3794 843 3852 oi
858 3796 916 3853 this
934 3797 991 3853 and
1010 3797 1117 3853 several
1135 3797 1188 3854 fol-

144 3898 251 3972 lowing
265 3896 388 3953 sections
402 3914 450 3952 are
464 3895 493 3951 in
508 3895 582 3952 Ca's
596 3894 719 3969 writing.

185 4027 226 4036 -
239 3995 258 4050 l.
270 4011 318 4065 23.
341 3993 449 4049 Ordine
465 4037 489 4050 ..
505 4039 530 4050 ..
550 3991 722 4048 ordinarium
736 3991 828 4048 added
844 3991 880 4066 by
895 3991 955 4056 Cr..
971 3991 993 4048 it
1006 3991 1113 4068 having
1126 4011 1190 4068 pre·

145 4092 252 4168 vionsly
268 4092 340 4148 been
355 4091 454 4165 placed
468 4090 539 4147 nster
553 4089 635 4164 chap.
649 4107 678 4162 7,
692 4109 721 4164 p.
735 4105 802 4164 194.

191 4189 255 4263 189,
270 4206 298 4263 9.
321 4187 535 4245 Distribuuntur
548 4233 572 4246 ..
588 4233 613 4245 ..
624 4186 722 4265 Judicii
731 4187 829 4244 ‘added
843 4187 881 4261 by
896 4188 944 4244 Cr.

192 4304 257 4362 190,
272 4286 323 4342 ult.
345 4284 434 4361 regali
462 4283 528 4341 MS.
545 4285 623 4359 regia

657 4399 672 4441 Z
