2692 4800
153 260 202 339 96
352 280 401 331 na
427 279 595 332 accursu
623 281 667 331 ur
692 280 875 332 mnrsrars
900 280 999 345 mua,
1216 287 1260 339 cr

153 434 267 506 omnis
284 434 392 503 divini
409 432 527 503 cultus
543 432 702 525 jndicem
722 440 760 502 et
776 433 987 527 magistrum
1004 456 1084 507 esse
1096 436 1200 530 jussi·

152 572 242 619 mus.
294 548 374 634 Qua
400 551 436 619 in
463 572 500 620 re
526 549 729 642 quicunque
756 546 1010 642 peccaverim,
1037 551 1200 626 eeclesia·

151 665 318 734 eticorum
339 665 503 756 judicum
532 664 705 735 arbitratu
735 687 857 758 poenaa
882 663 997 759 culpoe
1022 669 1198 763 magnitu-

150 777 242 850 dini²
269 804 367 873 pares
391 781 627 853 sustinebunt.
679 779 719 852 Si
737 804 915 874 quaerero
933 782 1004 855 alia
1019 785 1199 858 incurrent

150 920 261 967 vacua
278 907 449 991 tempora,
467 906 594 990 praeter
610 897 684 968 lraec
702 921 781 990 quae
797 921 861 969 nos
877 899 1074 992 posuimus,
1092 903 1197 974 divini

152 1012 279 1096 cultus,
298 1015 498 1084 visitatione
521 1023 558 1086 et
584 1012 825 1086 consolatione
850 1014 1035 1102 debilium,
1054 1028 1199 1113 aegrota·

152 1154 241 1214 rum,
259 1141 296 1201 et
313 1130 521 1202 afflictarum
540 1153 767 1223 personarum
785 1131 1028 1225 cujuscunque
1053 1137 1198 1231 generis,

152 1257 190 1318 et
213 1247 355 1340 reliquis
381 1245 592 1340 hujusmodi
607 1248 789 1318 charitatis
819 1248 1027 1321 muneribus
1042 1258 1098 1322 'ea
1121 1274 1199 1322 con·

151 1375 346 1436 sumantur.
388 1363 448 1436 Ad
465 1366 539 1436 haeo
556 1365 701 1437 accedat
718 1365 896 1434 institutio
913 1362 1198 1451 domesticorum,

151 1480 343 1574 disciplinae
370 1482 477 1566 labor,
495 1493 532 1553 et
550 1505 657 1575 opera
682 1479 865 1563 lectionis;
890 1488 930 1551 et
949 1484 1098 1554 omniuo
1122 1483 1200 1556 talis

151 1600 187 1668 in
214 1621 352 1669 summa
377 1599 544 1670 festorum
573 1610 772 1692 temporum
802 1597 947 1690 partitio
972 1599 1030 1681 sit,
1057 1610 1100 1672 nt
1124 1602 1200 1673 uni·

152 1737 252 1783 versa
273 1713 505 1785 meditatione
525 1717 807 1807 tractatioueque
829 1736 947 1784 rerum
969 1736 1149 1789 sacrarum
1165 1727 1199 1788 et

152 1831 349 1902 divinarum
367 1833 507 1902 abeant.

227 2184 295 2255 DE
323 2184 569 2257 ECCLESIA
597 2183 659 2255 ΕΤ
686 2184 956 2259 MINISTRIS
984 2187 1121 2275 EJUS,

368 2323 718 2411 ILLORUMQUE
745 2321 978 2401 OFFICIIS.

507 2533 587 2619 Cap.
603 2554 629 2596 1.
654 2534 704 2598 De
718 2535 851 2603 (edituis.

200 2665 366 2736 AEdituus
384 2663 691 2759 parochianorum³
713 2667 829 2738 alatur
850 2669 1038 2762 stipendio.
1078 2668 1196 2763 Hujus
1248 2709 1260 2725 ·

150 2784 218 2852 erit
243 2783 431 2876 pueritiam
449 2806 590 2852 omnem
609 2783 782 2876 parochiae
799 2808 870 2856 suae
887 2786 954 2856 sibi
977 2785 1136 2857 oblatam
1162 2788 1196 2856 in

149 2898 339 2991 alphabeto
365 2910 402 2970 et
427 2899 642 2970 catechismo
662 2899 797 2992 vulgari
824 2901 945 2995 lingua
970 2899 1122 2994 scripto⁴
1147 2902 1197 2971 in·
1240 2936 1260 2945 -

149 3015 311 3100 formare,
337 3024 379 3086 nt
406 3019 503 3110 pueri
531 3039 742 3109 cognoscere
771 3019 942 3110 incipiant
972 3028 1010 3088 et
1038 3019 1125 3110 qnid
1153 3019 1198 3090 sit
1256 3058 1260 3063 ·

149 3132 375 3215 credendum,
394 3157 434 3203 ao
453 3135 631 3225 quomodo
649 3134 830 3216 orandum,
848 3158 889 3205 ae
907 3134 999 3205 bene
1023 3135 1196 3229 beateque

149 3248 349 3319 vivendum.
402 3248 473 3334 Qui
497 3260 618 3320 autem
643 3251 678 3320 id
697 3250 812 3320 iacere
833 3252 1056 3333 recusaverit,
1075 3262 1114 3322 et
1136 3275 1197 3346 per

150 3366 238 3436 duos
257 3390 395 3437 menses
421 3367 575 3437 officium
604 3367 670 3436 hoc
696 3391 798 3438 suurn
817 3367 1027 3461 neglexerit,
1045 3391 1111 3461 per
1126 3370 1197 3461 epi-

148 3506 293 3576 scopum
319 3494 382 3553 aut
408 3484 475 3555 ioci
502 3484 596 3553 illius
622 3485 838 3554 ordinarium
860 3483 969 3556 semel
997 3494 1107 3578 atque
1132 3486 1196 3556 ite-

149 3626 226 3671 rurn
261 3601 473 3685 admonitus,
508 3612 724 3671 amoveatur.
787 3600 896 3670 Porro
930 3600 959 3671 si
994 3602 1194 3694 parochiani

148 3728 356 3788 consuetum
380 3718 595 3811 stipendium
622 3717 678 3788 vei
702 3717 922 3788 subtractum
949 3715 1006 3788 rel
1030 3719 1195 3789 imminu·

146 3845 223 3904 tum
248 3837 441 3916 detineant,
464 3857 611 3904 censura
636 3832 872 3904 ecclesiastica
897 3834 941 3903 ad
968 3834 1003 3903 id
1031 3843 1195 3926 praestan·

144 3953 228 4021 dum
248 3976 311 4044 per
327 3953 530 4046 episcopum
551 3960 614 4021 aut
632 3950 700 4020 ioci
718 3950 812 4020 illius
833 3951 1049 4021 ordinarium
1068 3975 1192 4046 cogan-

144 4078 213 4137 tur.
266 4068 328 4139 Sin
348 4075 468 4136 autcm
495 4067 659 4159 stipendii
678 4089 816 4138 summa
834 4067 1013 4138 videbitur
1029 4068 1192 4162 episeopo

145 4185 294 4254 nimium
320 4185 458 4277 exigna,
476 4184 552 4274 ejus
576 4184 643 4253 erit
662 4207 723 4275 pro
741 4184 912 4254 arbitratu
935 4206 1009 4267 suo,
1028 4184 1192 4279 amplitu-

175 4322 365 4402 ¹pocraverit
411 4322 641 4402 ²msgnitudine.
687 4325 920 4401 sparochiarum.
970 4321 1104 4400 ⁴scripto
1118 4343 1166 4381 mr.
