2692 4800
476 313 525 364 nr
549 311 689 365 urvrurs
714 310 874 362 orrrcrrs.
1149 293 1198 366 89

171 629 249 714 Gap.
263 647 295 714 3.
316 628 368 691 De
379 648 470 692 sana
485 625 686 693 commonicus
698 622 949 689 admincstrnndn
964 623 998 686 in
1012 622 1172 688 dominicis

544 728 671 814 etsestn
685 727 797 792 dicbus⁸

196 870 336 942 Diebus
364 868 549 940 dominicis
577 877 615 937 et
642 866 742 937 festis
769 862 1010 949 ecclesiarum,
1031 888 1117 958 quas
1141 888 1199 936 ca·

147 986 326 1059 tbedrales
357 995 495 1069 vocant,
525 983 620 1055 hunc
651 985 686 1053 in
722 982 849 1052 divinis
881 982 1004 1055 officiis
1038 983 1197 1054 ordinem

148 1128 222 1176 esse
249 1104 432 1196 jubemus,
462 1111 504 1172 nt
537 1099 708 1172 absolutis
744 1099 906 1193 precibus
939 1099 1133 1182 matutinis,
1160 1107 1198 1170 et

148 1221 295 1292 decursa
311 1217 568 1313 supplicatione
591 1240 696 1309 quam
715 1214 896 1310 appellant
914 1215 1084 1297 litaniam,
1102 1239 1199 1287 com·

147 1338 270 1407 munio
295 1335 484 1406 succedat:
519 1334 554 1404 in
580 1358 650 1427 qua
675 1333 814 1404 facilius
839 1341 881 1403 ut
903 1333 1046 1426 procedi
1076 1335 1197 1426 possit,

146 1455 181 1523 in
205 1453 351 1523 nomine
372 1451 442 1521 Dei
466 1449 702 1532 cohortamur,
720 1457 758 1519 et
777 1470 842 1541 per
864 1449 941 1540 ejus
964 1447 1112 1542 gloriam
1139 1470 1198 1521 ve·

146 1569 334 1641 hementer
354 1567 583 1648 obtestamur,
600 1566 754 1658 primum
772 1565 956 1659 episcopus
976 1565 1051 1658 ipse
1072 1566 1100 1635 si
1122 1565 1198 1636 fieri

144 1696 267 1781 potest
296 1693 339 1755 ut
372 1684 473 1764 adsit,
501 1683 629 1753 deinde
664 1682 818 1752 decanus
851 1691 890 1751 et
923 1679 1197 1764 archidiaconus,

145 1827 228 1874 cum
253 1803 339 1896 ipsis
359 1799 535 1871 canonicis
558 1806 596 1868 et
619 1797 763 1890 reliquis
786 1797 949 1867 omnibus
973 1796 1118 1879 clericis,
1136 1800 1197 1891 qui

145 1919 336 2014 participes
365 1925 449 1989 suut
475 1916 649 1987 bonorum
677 1913 773 1985 illius
802 1913 970 1999 ecclesiae,
997 1914 1127 2006 pariter
1151 1915 1197 1986 ad

145 2035 435 2109 communionem
457 2056 538 2104 cum
555 2033 718 2102 ministro
736 2027 793 2100 ut¹
815 2053 853 2101 se
875 2040 1100 2124 congregent,
1119 2041 1197 2101 tum

145 2165 187 2226 ut
215 2151 381 2246 exemplo
409 2175 472 2222 suo
498 2160 636 2222 ceteros
663 2150 708 2220 ad
733 2150 828 2220 idem
855 2148 1009 2219 officium
1033 2149 1197 2233 invitent,

147 2279 224 2339 tum
251 2279 293 2339 ut
317 2265 403 2339 hac²
427 2278 513 2338 nota
536 2267 617 2338 sciri
644 2267 763 2360 possit,
786 2266 879 2358 quod
903 2267 968 2359 ipsi
996 2267 1076 2336 viva
1101 2289 1199 2338 vera·

147 2410 216 2479 que
234 2385 307 2457 sint
325 2384 454 2454 Christi
474 2394 512 2454 et
531 2382 699 2455 Ecclesiae
716 2382 885 2454 membra.

319 2596 397 2683 (lap.
409 2619 440 2679 4
465 2599 513 2661 De
526 2618 687 2662 mnarum
702 2597 875 2662 mnionnm
889 2607 1027 2683 tempore.

196 2736 395 2809 Conciones
417 2745 538 2808 autem
564 2737 599 2806 iu
624 2735 679 2808 his
702 2735 859 2807 ecclesiis
884 2735 1198 2808 antemeridianas3

147 2878 230 2926 sane
252 2877 375 2924 omnes
398 2853 568 2936 tollimus,
586 2876 632 2923 ne
653 2854 836 2945 quisquam
855 2851 995 2923 illarum
1014 2853 1197 2923 occasione

147 2970 307 3066 legitime
331 2970 422 3040 desit
448 2991 518 3040 suae
544 2968 721 3040 ecclesius:
748 2969 978 3073 pomeridiaui
1003 2992 1085 3038 vero
1108 2978 1198 3041 tem-

147 3085 240 3177 poris
255 3084 343 3154 hora
360 3083 514 3155 secunda
531 3084 760 3155 concionibus
777 3107 889 3181 usque
906 3068 949 3154 ad
968 3085 1198 3155 tertiam'ser·

148 3202 232 3282 viat,
250 3208 288 3272 et
305 3200 424 3270 statim
443 3200 488 3270 ad
507 3200 722 3294 vespertinas
738 3188 860 3292 preces
876 3199 1123 3271 descendatur.

227 3412 305 3498 (lap.
317 3429 348 3498 5.
379 3412 429 3477 De
450 3434 611 3478 sacrarum
634 3412 792 3478 knionnrn
807 3412 1069 3498 pronuntiatione,
1092 3423 1119 3479 et

512 3516 707 3601 psalmorum
728 3523 830 3580 cantu.

198 3654 241 3724 Iu
264 3653 390 3726 divinis
416 3655 592 3747 capitibus
620 3654 820 3737 recitandis,
843 3662 881 3724 et
906 3653 1055 3724 Psalmis
1080 3655 1197 3725 conci·

148 3769 282 3853 nendis,
312 3770 464 3841 ministri
495 3780 532 3840 et
567 3770 685 3841 clerici
720 3770 909 3864 diligenter
942 3769 1009 3840 boc
1039 3770 1197 3864 cogitare

147 3887 292 3972 debent,
311 3910 394 3959 non.
407 3887 521 3958 solum
543 3910 565 3958 a
585 3910 622 3959 se
640 3887 759 3957 Deum
784 3885 918 3957 laudari
943 3897 1116 3979 oportere,
1134 3890 1196 3959 sed

147 4003 233 4073 alios
257 4005 366 4074 etiam
387 4002 531 4074 hortatu
554 4012 592 4072 et
609 4001 775 4095 exemplo
796 4011 833 4072 et
850 4002 1096 4073 observatione
1118 4001 1197 4073 illo-

147 4143 224 4190 rum
261 4121 304 4190 ad
339 4121 493 4192 eundem
523 4118 662 4190 cultum
697 4118 923 4189 adducendos
958 4142 1044 4189 esse.
1102 4118 1197 4201 Qua-

250 4337 258 4377 ¹
273 4350 306 4399 ut
320 4361 371 4401 om.
513 4337 526 4375 ²
540 4349 571 4398 ut
585 4342 613 4398 in
628 4341 691 4398 hac.
830 4337 843 4375 ³
855 4339 1093 4398 antemeridianis.
