2692 4800
145 266 217 332 104
351 280 400 330 na
425 240 601 331 secanam
620 280 665 329 ar
689 280 874 332 armamus
897 280 996 343 arna,
1182 284 1243 337 cn

144 460 222 507 cam
248 460 317 505 non
345 435 414 506 alia
439 437 483 507 de
507 458 612 506 causa
633 437 699 507 sibi
721 438 895 529 precipue
911 436 1086 509 creditam
1105 462 1183 520 esse,

143 554 210 622 nisi
234 562 274 622 ut
298 575 362 622 suo
385 553 580 621 ministerio
604 561 641 621 ct
664 553 872 623 assiduitate
898 552 1063 625 homines
1086 578 1183 647 quam

144 667 286 759 plurimi
308 665 450 736 Christo
466 667 674 760 jungantur,
692 667 825 758 quique
842 666 918 758 jam
940 666 1076 738 Christi
1099 682 1184 753 suat,

144 784 180 851 in
206 806 250 851 eo
280 791 439 853 crescant
469 792 508 853 et
537 783 813 865 exedificeutur,
838 795 946 875 atque
975 784 1005 853 si
1032 783 1182 855 nonnulli

144 898 318 979 deficiant,
336 900 380 969 ad
405 906 581 991 pastorem
600 898 781 969 Christum
804 898 1001 969 Dominum
1024 900 1183 971 reducan-

144 1024 212 1097 tur,
230 1025 268 1085 et
285 1038 348 1107 per
365 1015 555 1086 salutarem
572 1014 819 1106 poeaitentiam
833 1014 1091 1087 instaurentur.

293 1233 369 1319 (lap.
389 1253 438 1296 11.
462 1233 509 1297 Da
523 1232 693 1298 obedientia
707 1233 851 1319 episeopis
865 1232 1044 1300 witlam.

195 1372 330 1443 Omnes
346 1373 383 1442 in
401 1371 564 1442 Ecclesia
582 1395 661 1442 cum
682 1396 805 1465 pacem
826 1374 954 1443 sectari
972 1373 1139 1459 debeant,
1154 1384 1183 1444 at

144 1489 188 1558 ad
220 1488 441 1558 concordiam
472 1499 645 1580 quantum
673 1488 758 1560 licet
784 1489 1001 1574 incumbere,
1028 1491 1184 1585 episcopo

144 1604 205 1694 qui
232 1602 402 1674 Ecclesiae
426 1603 629 1696 praeficitur,
654 1628 725 1675 nou
751 1605 865 1675 solum
890 1606 1058 1690 decanus,
1083 1607 1220 1691 archi-50

146 1722 322 1799 diaconus,
336 1719 625 1813 archipresbyter,
640 1731 678 1791 et
696 1721 821 1813 reliqui
838 1721 990 1793 ministri
1007 1723 1205 1815 parebunt,-

146 1837 207 1907 sed
227 1839 345 1907 omnia
358 1838 467 1907 etiam
481 1837 612 1908 Christi
630 1838 790 1908 membra
802 1839 879 1930 ejus
895 1861 991 1908 curae
1008 1842 1189 1912 commissa

146 1954 197 2023 sic
221 1953 265 2023 ad
283 1954 359 2045 ejus
385 1977 422 2024 se
447 1953 666 2024 voluntatem
692 1955 1023 2039 accommodabant,
1042 1967 1085 2028 ut
1101 1967 1140 2029 et
1159 1959 1191 2027 in

147 2068 202 2139 his
231 2093 313 2162 quae
336 2071 446 2161 juxta
476 2071 621 2141 verbum
655 2071 724 2141 Dei
754 2072 972 2164 precipiunt,
998 2082 1037 2144 et
1064 2074 1101 2143 iu
1128 2073 1191 2144 illis

147 2187 255 2255 etiam
282 2210 364 2277 quae
389 2185 609 2256 mandabunt
635 2187 679 2256 ad
701 2186 937 2257 Christianam
961 2187 1193 2281 disciplinam,

146 2302 253 2371 etad
281 2311 416 2371 nostras
442 2301 695 2373 ecclesiasticas
721 2301 817 2396 leges
845 2304 1071 2395 pertinentia,
1096 2328 1194 2398 para-

148 2416 284 2486 tissime
301 2437 435 2485 morem
453 2432 589 2510 gerant.

191 2606 269 2691 (lap.
288 2625 336 2669 12.
363 2608 413 2670 Da
427 2608 527 2671 cariia
542 2618 571 2671 et
586 2607 805 2694 multiplicibus
820 2610 955 2695 episcopi
969 2610 1155 2676 muneribus.

199 2746 311 2818 Verbi
334 2747 402 2817 Dei
429 2772 549 2819 sanam
576 2751 770 2819 doctrinam
798 2750 1003 2843 cumprimis
1029 2761 1108 2821 tum
1136 2776 1199 2844 per

148 2864 314 2956 seipsum,
332 2873 408 2933 tum
434 2888 496 2956 per
521 2865 618 2946 alios,
636 2868 821 2959 episcopus
845 2869 961 2938 tradat
986 2869 1022 2938 in
1050 2891 1117 2939 sua
1141 2891 1200 2939 ec-

149 2979 264 3062 clesia,
291 2991 423 3072 quanta
452 2981 636 3076 diligentia
666 2993 703 3052 et
731 2983 920 3053 sedulitate
950 2983 1025 3053 fieri
1055 2995 1200 3078 potest:

149 3121 263 3167 sacros
286 3099 425 3168 ordines
444 3111 641 3192 opportuno
667 3110 827 3194 tempore
846 3102 1023 3172 conferat:
1051 3103 1114 3172 sed
1139 3126 1203 3174 ue-

149 3216 235 3284 mini
271 3215 326 3286 vel
363 3217 527 3285 mercede
567 3216 763 3287 conductus
806 3216 862 3286 vel
897 3227 1031 3287 temere
1073 3241 1204 3289 manus

150 3331 327 3423 imponat:
355 3332 500 3401 idoneos
517 3332 694 3402 ministros
711 3334 754 3402 ad
774 3332 1010 3404 ecclesiastica
1026 3333 1205 3405 beneficia

149 3448 332 3517 instituat:
360 3448 523 3540 indiguos
541 3471 633 3527 vero,
653 3448 712 3516 ubi
729 3471 853 3540 graves
871 3471 982 3518 causae
999 3471 1040 3519 ac
1057 3471 1204 3520 morum

150 3564 359 3654 perversitas
376 3563 410 3632 id
430 3563 661 3655 requisierint,
679 3563 896 3644 submoveat,
916 3572 953 3633 et
969 3564 1014 3634 ab
1027 3564 1205 3637 Ecclesiae

150 3678 455 3749 administratione
498 3679 659 3771 dejiciat:
709 3677 874 3749 Ecclesia
915 3683 1122 3752 testimonia
1163 3694 1204 3753 et

152 3796 311 3888 querelas
329 3796 373 3865 de
391 3797 462 3865 suis
486 3795 682 3887 pastoribus
706 3796 846 3866 audiat:
875 3797 967 3866 rixas
984 3799 1077 3867 iuter
1095 3801 1205 3870 mini-

152 3923 241 3983 stros
269 3922 305 3981 et
328 3911 493 3983 ecclesias
516 3912 675 3982 subortas
702 3925 909 4004 componat:
944 3914 1029 3983 vitia
1051 3924 1088 3982 et
1117 3939 1205 3985 con·

152 4030 341 4099 taminatus
383 4052 498 4099 mores
541 4028 695 4098 censuris
734 4028 977 4099 ecclesiasticis
1020 4032 1204 4126 corrigat:

152 4146 270 4215 edicta
292 4144 334 4213 ad
355 4144 535 4213 meliorem
555 4144 693 4212 vivendi
720 4145 867 4212 formam
892 4145 1112 4235 praescribat:
1141 4171 1206 4219 eos

153 4264 213 4354 qui
254 4261 481 4353 pertinaciter
514 4271 551 4330 ct
586 4261 761 4330 obstinato
801 4260 1019 4332 reluctantur
1056 4286 1205 4334 excom-
