2692 4800
152 278 224 351 260
490 297 539 346 us
564 295 854 348 consumsimus.

189 559 268 644 Cap.
282 578 312 623 2.
336 557 519 623 &montedo
533 578 592 623 uon
606 557 684 623 valet
698 565 802 622 corum
818 555 968 621 misenam
982 563 1041 620 out
1053 556 1152 644 Iopen.

200 689 370 774 Quamvis
394 691 658 761 consuetudinis
686 710 839 782 ususque
868 686 1018 783 longaevi
1044 688 1186 785 nonsit

149 806 227 878 vilis
260 806 465 894 authoritas,
491 818 734 880 verumtamen
764 830 835 878 uon
868 816 925 878 est
958 829 1071 900 usque
1104 805 1186 878 adeo

149 924 308 1007 valitura,
326 933 367 995 ut
389 935 452 996 sut
474 926 646 996 rationem
664 926 783 996 vineat
806 934 870 995 aut
892 924 1021 1019 legem,
1039 946 1103 996 seu
1118 924 1186 1016 juri

147 1041 297 1134 positivo
314 1042 557 1135 praejudioium
572 1064 740 1136 geneture
756 1040 895 1114 debeat.

236 1248 313 1334 Gap.
325 1268 357 1334 3.
382 1249 565 1315 ammodo
585 1270 645 1314 non
666 1249 747 1314 uolet
767 1255 871 1314 eontra
883 1249 941 1334 jus
961 1247 1104 1313 dimum

559 1360 616 1419 anst
628 1351 779 1419 nomo.

196 1501 288 1572 Cum
313 1509 459 1595 peccata
484 1510 584 1572 tanto
609 1501 680 1571 siut
703 1499 874 1595 pusione,
897 1508 1032 1592 quanto
1059 1500 1189 1571 diutius

139 1618 326 1690 infelicem
361 1619 515 1689 unimam
548 1619 710 1689 detinent
741 1616 933 1712 alligatam,
963 1639 1072 1690 nemo
1099 1640 1189 1690 ssnae

146 1736 276 1807 mentis
315 1734 484 1830 intelligit
510 1735 583 1827 juri
622 1735 743 1807 divino
780 1741 843 1805 aut
881 1733 1034 1806 naturali
1077 1734 1191 1829 (eujus

145 1853 372 1948 transgressio
405 1851 600 1947 periculum
633 1851 756 1923 salutis
795 1850 945 1945 inducit)
979 1875 1190 1946 quoeunque

146 1968 400 2042 consuetudine
426 1968 518 2061 (quae
543 1969 692 2040 dioendu
716 1978 771 2040 est
796 1968 910 2040 verius
936 1968 974 2039 in
999 1968 1066 2041 heo
1091 1977 1191 2063 purte

146 2084 358 2179 corruptele)
389 2088 507 2179 posse¹
540 2083 760 2178 aliquatenus
787 2084 957 2179 derogari.
1008 2083 1191 2169 Quaelibet

146 2202 242 2273 enim
272 2200 499 2283 consuetudo,
529 2203 755 2293 quantumvis
784 2210 934 2284 vetuste,
963 2201 1190 2294 quantumvis

146 2315 299 2410 vulgatu,
322 2317 463 2386 veritati
497 2318 641 2387 omnino
670 2325 725 2388 est
749 2317 1002 2411 postponenda,
1026 2325 1067 2387 et
1095 2338 1188 2401 usus,

146 2432 207 2524 qui
233 2432 373 2504 veritati
393 2440 449 2504 est
471 2434 673 2516 contrarius,
691 2440 746 2504 est
767 2432 971 2505 abolendus.

146 2639 223 2725 Oap.
234 2660 265 2719 4.
294 2643 419 2706 Stotuto
432 2652 459 2706 a
473 2641 698 2706 cosmedino
711 2640 838 2705 ocosioe
851 2640 1035 2706 oottsdmls's
1048 2661 1108 2705 non
1121 2648 1192 2704 suot

305 2746 461 2811 mutandae
473 2747 538 2811 sino
552 2746 684 2831 optumi
698 2755 724 2809 ei
738 2745 868 2831 capituli
882 2767 1030 2811 mensu.

196 2903 289 2987 Quia
318 2902 492 2973 novitates
522 2924 763 2994 saepenumeru
793 2903 935 2995 pariunt
968 2902 1189 2985 discordiam,

147 3044 217 3090 non
235 3020 412 3090 immerito
432 3020 659 3090 statuendum
678 3018 826 3101 videtur,
844 3042 889 3089 ne
912 3019 989 3111 quis
1006 3020 1189 3113 episeopus

145 3140 277 3230 absque
302 3160 472 3210 consensu
499 3136 643 3230 capituli
670 3145 804 3207 statuta
829 3146 892 3207 aut
916 3139 1189 3209 eonsuetudines

146 3252 300 3325 eoolesiae
329 3252 539 3324 cathedralis
568 3253 731 3344 antiquus
756 3254 957 3343 immutare,
986 3264 1048 3323 sut
1082 3275 1188 3325 novus

146 3373 261 3443 facere
286 3363 418 3465 possit3
452 3373 576 3443 itidem
601 3394 667 3441 neo
693 3371 885 3464 capitulum
913 3373 987 3442 sine
1013 3373 1185 3466 episcopo.

146 3489 251 3574 Quod
276 3490 304 3560 si
330 3489 433 3560 aliter
458 3490 552 3559 fucta
576 3488 716 3570 fuerint,
734 3487 969 3558 decernantur
994 3488 1101 3570 irrita,
1122 3488 1183 3558 nisi

145 3613 280 3676 statute
313 3616 351 3676 et
381 3603 651 3676 eonsuetudines
685 3602 886 3696 hujusmodi
920 3605 1051 3697 priores
1083 3605 1183 3676 verbo

146 3720 214 3793 Dei
232 3734 295 3794 sut
313 3722 471 3794 ecolesiae
489 3721 710 3792 aedificationi
728 3730 938 3815 repugnent.

606 3885 616 3929 ¹
632 3888 730 3962 possit.
