<?xml version="1.0" encoding="UTF-8"?>
<!DOCTYPE html PUBLIC "-//W3C//DTD XHTML 1.0 Transitional//EN"
    "http://www.w3.org/TR/xhtml1/DTD/xhtml1-transitional.dtd">
<html xmlns="http://www.w3.org/1999/xhtml" xml:lang="en" lang="en">
 <head>
  <title>
</title>
<meta http-equiv="Content-Type" content="text/html;charset=utf-8" />
  <meta name='ocr-system' content='tesseract 3.04.00' />
  <meta name='ocr-capabilities' content='ocr_page ocr_carea ocr_par ocr_line ocrx_word'/>
</head>
<body>
  <div class='ocr_page' id='page_1' title='image "./reformationeccl01cardgoog_0135.png"; bbox 0 0 2692 4800; ppageno 0'>
   <div class='ocr_carea' id='block_1_1' title="bbox 175 160 1326 257">
    <p class='ocr_par' dir='ltr' id='par_1_1' title="bbox 175 160 1326 257">
     <span class='ocr_line' id='line_1_1' title="bbox 175 160 1326 257; baseline 0.003 -7"><span class='ocrx_word' id='word_1_1' title='bbox 175 177 223 250; x_wconf 87' lang='lat'><strong>68</strong></span> <span class='ocrx_word' id='word_1_2' title='bbox 536 199 585 249; x_wconf 81' lang='lat' dir='ltr'><strong>nn</strong></span> <span class='ocrx_word' id='word_1_3' title='bbox 609 198 856 251; x_wconf 75' lang='lat' dir='ltr'><strong>rnnrrnnunrs</strong></span> <span class='ocrx_word' id='word_1_4' title='bbox 1216 198 1245 251; x_wconf 83' lang='lat' dir='ltr'><strong>u</strong></span> <span class='ocrx_word' id='word_1_5' title='bbox 1261 202 1302 257; x_wconf 70' lang='grc' dir='ltr'><strong>αι,</strong></span> <span class='ocrx_word' id='word_1_6' title='bbox 1323 160 1326 165; x_wconf 48' lang='grc'><strong>’</strong></span> 
     </span>
    </p>
   </div>
   <div class='ocr_carea' id='block_1_2' title="bbox 171 353 1346 1246">
    <p class='ocr_par' dir='ltr' id='par_1_2' title="bbox 172 353 1222 555">
     <span class='ocr_line' id='line_1_2' title="bbox 172 353 1222 447; baseline 0 -22"><span class='ocrx_word' id='word_1_7' title='bbox 172 354 240 426; x_wconf 89' lang='lat' dir='ltr'><strong>illis</strong></span> <span class='ocrx_word' id='word_1_8' title='bbox 263 353 337 425; x_wconf 86' lang='lat' dir='ltr'><strong>ulla</strong></span> <span class='ocrx_word' id='word_1_9' title='bbox 357 362 534 427; x_wconf 88' lang='lat' dir='ltr'><strong>certorum</strong></span> <span class='ocrx_word' id='word_1_10' title='bbox 556 353 741 425; x_wconf 89' lang='lat' dir='ltr'><strong>hominum</strong></span> <span class='ocrx_word' id='word_1_11' title='bbox 762 354 960 439; x_wconf 85' lang='lat' dir='ltr'><strong>commissa,</strong></span> <span class='ocrx_word' id='word_1_12' title='bbox 977 374 1068 447; x_wconf 87' lang='lat' dir='ltr'><strong>quos</strong></span> <span class='ocrx_word' id='word_1_13' title='bbox 1083 360 1125 426; x_wconf 86' lang='lat' dir='ltr'><strong>ot</strong></span> <span class='ocrx_word' id='word_1_14' title='bbox 1140 376 1222 427; x_wconf 87' lang='lat' dir='ltr'><strong>con·</strong></span> 
     </span>
     <span class='ocr_line' id='line_1_3' title="bbox 172 471 1222 555; baseline 0 -12"><span class='ocrx_word' id='word_1_15' title='bbox 172 472 336 544; x_wconf 90' lang='lat' dir='ltr'><strong>oionandi</strong></span> <span class='ocrx_word' id='word_1_16' title='bbox 352 471 518 555; x_wconf 89' lang='lat' dir='ltr'><strong>laborem,</strong></span> <span class='ocrx_word' id='word_1_17' title='bbox 537 479 576 543; x_wconf 90' lang='lat' dir='ltr'><strong>et</strong></span> <span class='ocrx_word' id='word_1_18' title='bbox 595 479 895 543; x_wconf 84' lang='lat' dir='ltr'><strong>sacramentorum</strong></span> <span class='ocrx_word' id='word_1_19' title='bbox 911 472 1222 544; x_wconf 87' lang='lat' dir='ltr'><strong>communicando-</strong></span> 
     </span>
    </p>

    <p class='ocr_par' dir='ltr' id='par_1_3' title="bbox 171 587 1221 683">
     <span class='ocr_line' id='line_1_4' title="bbox 171 587 1221 683; baseline 0.002 -24"><span class='ocrx_word' id='word_1_20' title='bbox 171 611 250 660; x_wconf 91' lang='lat' dir='ltr'><strong>rum</strong></span> <span class='ocrx_word' id='word_1_21' title='bbox 282 597 426 682; x_wconf 82' lang='lat' dir='ltr'><strong>oportet</strong></span> <span class='ocrx_word' id='word_1_22' title='bbox 455 588 585 669; x_wconf 87' lang='lat' dir='ltr'><strong>subire,</strong></span> <span class='ocrx_word' id='word_1_23' title='bbox 612 589 752 680; x_wconf 89' lang='lat' dir='ltr'><strong>quoties</strong></span> <span class='ocrx_word' id='word_1_24' title='bbox 780 587 837 660; x_wconf 85' lang='lat' dir='ltr'><strong>vel</strong></span> <span class='ocrx_word' id='word_1_25' title='bbox 863 588 1018 682; x_wconf 76' lang='lat' dir='ltr'><strong>episcopi</strong></span> <span class='ocrx_word' id='word_1_26' title='bbox 1045 588 1106 661; x_wconf 79' lang='lat' dir='ltr'><strong>rel</strong></span> <span class='ocrx_word' id='word_1_27' title='bbox 1134 611 1221 683; x_wconf 80' lang='lat' dir='ltr'><strong>prae-</strong></span> 
     </span>
    </p>

    <p class='ocr_par' dir='ltr' id='par_1_4' title="bbox 172 703 1346 1035">
     <span class='ocr_line' id='line_1_5' title="bbox 172 703 1221 799; baseline 0.001 -22"><span class='ocrx_word' id='word_1_28' title='bbox 172 706 265 777; x_wconf 86' lang='lat' dir='ltr'><strong>sides</strong></span> <span class='ocrx_word' id='word_1_29' title='bbox 277 706 354 777; x_wconf 88' lang='lat' dir='ltr'><strong>haec</strong></span> <span class='ocrx_word' id='word_1_30' title='bbox 371 704 514 777; x_wconf 85' lang='lat' dir='ltr'><strong>illorum</strong></span> <span class='ocrx_word' id='word_1_31' title='bbox 527 727 623 775; x_wconf 87' lang='lat' dir='ltr'><strong>curae</strong></span> <span class='ocrx_word' id='word_1_32' title='bbox 640 724 805 775; x_wconf 84' lang='lat' dir='ltr'><strong>muneror</strong></span> <span class='ocrx_word' id='word_1_33' title='bbox 822 706 1066 777; x_wconf 81' lang='lat' dir='ltr'><strong>committunt</strong></span> <span class='ocrx_word' id='word_1_34' title='bbox 1096 703 1221 799; x_wconf 85' lang='lat' dir='ltr'><strong>Itaque</strong></span> 
     </span>
     <span class='ocr_line' id='line_1_6' title="bbox 172 821 1346 915; baseline 0.003 -23"><span class='ocrx_word' id='word_1_35' title='bbox 172 823 336 895; x_wconf 83' lang='lat' dir='ltr'><strong>volumus</strong></span> <span class='ocrx_word' id='word_1_36' title='bbox 358 821 439 894; x_wconf 89' lang='lat' dir='ltr'><strong>illos</strong></span> <span class='ocrx_word' id='word_1_37' title='bbox 464 833 630 915; x_wconf 89' lang='lat' dir='ltr'><strong>respectu</strong></span> <span class='ocrx_word' id='word_1_38' title='bbox 652 822 849 893; x_wconf 87' lang='lat' dir='ltr'><strong>studiorum</strong></span> <span class='ocrx_word' id='word_1_39' title='bbox 870 822 916 893; x_wconf 83' lang='lat' dir='ltr'><strong>nd</strong></span> <span class='ocrx_word' id='word_1_40' title='bbox 941 821 1144 895; x_wconf 82' lang='lat' dir='ltr'><strong>academius</strong></span> <span class='ocrx_word' id='word_1_41' title='bbox 1164 822 1222 895; x_wconf 81' lang='lat' dir='ltr'><strong>ab·</strong></span> <span class='ocrx_word' id='word_1_42' title='bbox 1345 839 1346 846; x_wconf 77' lang='grc'>’</span> 
     </span>
     <span class='ocr_line' id='line_1_7' title="bbox 172 938 1221 1035; baseline -0.002 -22"><span class='ocrx_word' id='word_1_43' title='bbox 172 939 302 1035; x_wconf 82' lang='lat' dir='ltr'><strong>legari3</strong></span> <span class='ocrx_word' id='word_1_44' title='bbox 331 940 526 1011; x_wconf 82' lang='lat' dir='ltr'>doctrinam</span> <span class='ocrx_word' id='word_1_45' title='bbox 544 941 639 1009; x_wconf 90' lang='lat' dir='ltr'><strong>enim</strong></span> <span class='ocrx_word' id='word_1_46' title='bbox 658 948 696 1011; x_wconf 90' lang='lat' dir='ltr'><strong>et</strong></span> <span class='ocrx_word' id='word_1_47' title='bbox 717 961 859 1010; x_wconf 89' lang='lat' dir='ltr'><strong>omnem</strong></span> <span class='ocrx_word' id='word_1_48' title='bbox 878 939 1053 1031; x_wconf 86' lang='lat' dir='ltr'><strong>reliquam</strong></span> <span class='ocrx_word' id='word_1_49' title='bbox 1075 938 1221 1011; x_wconf 83' lang='lat' dir='ltr'><strong>faculta-</strong></span> 
     </span>
    </p>

    <p class='ocr_par' dir='ltr' id='par_1_5' title="bbox 172 1055 1257 1151">
     <span class='ocr_line' id='line_1_8' title="bbox 172 1055 1257 1151; baseline -0.002 -23"><span class='ocrx_word' id='word_1_50' title='bbox 172 1066 248 1129; x_wconf 91' lang='lat' dir='ltr'><strong>tem</strong></span> <span class='ocrx_word' id='word_1_51' title='bbox 260 1055 340 1128; x_wconf 86' lang='lat' dir='ltr'><strong>illos</strong></span> <span class='ocrx_word' id='word_1_52' title='bbox 357 1079 476 1128; x_wconf 86' lang='lat' dir='ltr'><strong>secum</strong></span> <span class='ocrx_word' id='word_1_53' title='bbox 490 1064 632 1149; x_wconf 83' lang='lat' dir='ltr'><strong>oportet</strong></span> <span class='ocrx_word' id='word_1_54' title='bbox 648 1055 795 1139; x_wconf 87' lang='lat' dir='ltr'><strong>adferre,</strong></span> <span class='ocrx_word' id='word_1_55' title='bbox 808 1056 1011 1149; x_wconf 75' lang='lat' dir='ltr'><strong>priusquam</strong></span> <span class='ocrx_word' id='word_1_56' title='bbox 1025 1056 1257 1151; x_wconf 64' lang='lat' dir='ltr'><strong>ingredia-33</strong></span> 
     </span>
    </p>

    <p class='ocr_par' dir='ltr' id='par_1_6' title="bbox 172 1173 723 1246">
     <span class='ocr_line' id='line_1_9' title="bbox 172 1173 723 1246; baseline -0.004 -1"><span class='ocrx_word' id='word_1_57' title='bbox 172 1183 233 1245; x_wconf 86' lang='lat' dir='ltr'><strong>tur</strong></span> <span class='ocrx_word' id='word_1_58' title='bbox 251 1175 296 1246; x_wconf 89' lang='lat' dir='ltr'><strong>ad</strong></span> <span class='ocrx_word' id='word_1_59' title='bbox 314 1173 550 1246; x_wconf 86' lang='lat' dir='ltr'><strong>ecclesiastica</strong></span> <span class='ocrx_word' id='word_1_60' title='bbox 566 1196 723 1244; x_wconf 88' lang='lat' dir='ltr'><strong>munera.</strong></span> 
     </span>
    </p>
   </div>
   <div class='ocr_carea' id='block_1_3' title="bbox 319 1384 1071 1473">
    <p class='ocr_par' dir='ltr' id='par_1_7' title="bbox 319 1384 1071 1473">
     <span class='ocr_line' id='line_1_10' title="bbox 319 1384 1071 1473; baseline -0.003 -20"><span class='ocrx_word' id='word_1_61' title='bbox 319 1387 396 1473; x_wconf 74' lang='lat' dir='ltr'><strong>(lap.</strong></span> <span class='ocrx_word' id='word_1_62' title='bbox 414 1405 465 1452; x_wconf 70' lang='grc' dir='ltr'><strong>αα.</strong></span> <span class='ocrx_word' id='word_1_63' title='bbox 487 1389 585 1453; x_wconf 77' lang='lat' dir='ltr'><strong>AEtaa</strong></span> <span class='ocrx_word' id='word_1_64' title='bbox 599 1386 764 1452; x_wconf 70' lang='lat' dir='ltr'><strong>libeomm</strong></span> <span class='ocrx_word' id='word_1_65' title='bbox 772 1384 1071 1472; x_wconf 67' lang='lat' dir='ltr'><strong>proehoadardomm.</strong></span> 
     </span>
    </p>
   </div>
   <div class='ocr_carea' id='block_1_4' title="bbox 174 1508 1297 2425">
    <p class='ocr_par' dir='ltr' id='par_1_8' title="bbox 174 1508 1297 2425">
     <span class='ocr_line' id='line_1_11' title="bbox 225 1508 1219 1605; baseline 0.002 -24"><span class='ocrx_word' id='word_1_66' title='bbox 225 1509 269 1581; x_wconf 93' lang='lat' dir='ltr'><strong>In</strong></span> <span class='ocrx_word' id='word_1_67' title='bbox 286 1510 507 1582; x_wconf 82' lang='lat' dir='ltr'><strong>liberioribus</strong></span> <span class='ocrx_word' id='word_1_68' title='bbox 523 1509 594 1581; x_wconf 86' lang='lat' dir='ltr'><strong>illis</strong></span> <span class='ocrx_word' id='word_1_69' title='bbox 610 1519 648 1582; x_wconf 91' lang='lat' dir='ltr'><strong>et</strong></span> <span class='ocrx_word' id='word_1_70' title='bbox 669 1508 897 1581; x_wconf 87' lang='lat' dir='ltr'><strong>solutioribus</strong></span> <span class='ocrx_word' id='word_1_71' title='bbox 920 1509 1121 1603; x_wconf 81' lang='lat' dir='ltr'><strong>prebendis</strong></span> <span class='ocrx_word' id='word_1_72' title='bbox 1142 1532 1219 1605; x_wconf 79' lang='lat' dir='ltr'><strong>quoe</strong></span> 
     </span>
     <span class='ocr_line' id='line_1_12' title="bbox 174 1625 1220 1723; baseline -0.002 -23"><span class='ocrx_word' id='word_1_73' title='bbox 174 1638 290 1700; x_wconf 87' lang='lat' dir='ltr'><strong>certos</strong></span> <span class='ocrx_word' id='word_1_74' title='bbox 312 1650 440 1723; x_wconf 79' lang='lat' dir='ltr'><strong>greges</strong></span> <span class='ocrx_word' id='word_1_75' title='bbox 463 1651 534 1698; x_wconf 93' lang='lat' dir='ltr'><strong>non</strong></span> <span class='ocrx_word' id='word_1_76' title='bbox 559 1637 696 1714; x_wconf 89' lang='lat' dir='ltr'><strong>curant,</strong></span> <span class='ocrx_word' id='word_1_77' title='bbox 712 1628 865 1720; x_wconf 86' lang='lat' dir='ltr'><strong>juvenes</strong></span> <span class='ocrx_word' id='word_1_78' title='bbox 888 1625 1053 1698; x_wconf 86' lang='lat' dir='ltr'><strong>collocari</strong></span> <span class='ocrx_word' id='word_1_79' title='bbox 1076 1636 1220 1721; x_wconf 86' lang='lat' dir='ltr'><strong>possunt</strong></span> 
     </span>
     <span class='ocr_line' id='line_1_13' title="bbox 175 1742 1222 1840; baseline 0 -23"><span class='ocrx_word' id='word_1_80' title='bbox 175 1746 235 1840; x_wconf 93' lang='lat' dir='ltr'><strong>qui</strong></span> <span class='ocrx_word' id='word_1_81' title='bbox 249 1747 455 1817; x_wconf 84' lang='lat' dir='ltr'><strong>vicesimum</strong></span> <span class='ocrx_word' id='word_1_82' title='bbox 467 1746 621 1839; x_wconf 91' lang='lat' dir='ltr'><strong>primum</strong></span> <span class='ocrx_word' id='word_1_83' title='bbox 634 1768 765 1816; x_wconf 88' lang='lat' dir='ltr'><strong>annum</strong></span> <span class='ocrx_word' id='word_1_84' title='bbox 779 1742 1081 1838; x_wconf 82' lang='lat' dir='ltr'><strong>impleverint²‚si</strong></span> <span class='ocrx_word' id='word_1_85' title='bbox 1098 1754 1222 1817; x_wconf 73' lang='lat' dir='ltr'><strong>caetera</strong></span> 
     </span>
     <span class='ocr_line' id='line_1_14' title="bbox 175 1861 1221 1958; baseline 0 -21"><span class='ocrx_word' id='word_1_86' title='bbox 175 1865 374 1958; x_wconf 85' lang='lat' dir='ltr'><strong>cognitores</strong></span> <span class='ocrx_word' id='word_1_87' title='bbox 400 1865 437 1933; x_wconf 92' lang='lat' dir='ltr'><strong>in</strong></span> <span class='ocrx_word' id='word_1_88' title='bbox 461 1861 532 1934; x_wconf 90' lang='lat' dir='ltr'><strong>illis</strong></span> <span class='ocrx_word' id='word_1_89' title='bbox 554 1864 870 1935; x_wconf 81' lang='lat' dir='ltr'><strong>animadverterint</strong></span> <span class='ocrx_word' id='word_1_90' title='bbox 891 1870 990 1936; x_wconf 90' lang='lat' dir='ltr'><strong>recte</strong></span> <span class='ocrx_word' id='word_1_91' title='bbox 1009 1872 1221 1958; x_wconf 79' lang='lat' dir='ltr'><strong>comparata.</strong></span> 
     </span>
     <span class='ocr_line' id='line_1_15' title="bbox 176 1979 1222 2075; baseline 0 -24"><span class='ocrx_word' id='word_1_92' title='bbox 176 1980 316 2066; x_wconf 87' lang='lat' dir='ltr'><strong>Quibus</strong></span> <span class='ocrx_word' id='word_1_93' title='bbox 346 1980 414 2051; x_wconf 92' lang='lat' dir='ltr'><strong>hoc</strong></span> <span class='ocrx_word' id='word_1_94' title='bbox 444 1981 553 2051; x_wconf 87' lang='lat' dir='ltr'><strong>etiam</strong></span> <span class='ocrx_word' id='word_1_95' title='bbox 584 1979 759 2075; x_wconf 85' lang='lat' dir='ltr'><strong>indulgeri</strong></span> <span class='ocrx_word' id='word_1_96' title='bbox 794 1987 994 2072; x_wconf 70' lang='lat' dir='ltr'><strong>potestat</strong></span> <span class='ocrx_word' id='word_1_97' title='bbox 1026 1981 1057 2051; x_wconf 90' lang='lat' dir='ltr'><strong>si</strong></span> <span class='ocrx_word' id='word_1_98' title='bbox 1086 1981 1222 2053; x_wconf 86' lang='lat' dir='ltr'><strong>diaconi</strong></span> 
     </span>
     <span class='ocr_line' id='line_1_16' title="bbox 175 2097 1223 2191; baseline 0.003 -23"><span class='ocrx_word' id='word_1_99' title='bbox 175 2098 319 2182; x_wconf 84' lang='lat' dir='ltr'><strong>fuerint,</strong></span> <span class='ocrx_word' id='word_1_100' title='bbox 336 2098 628 2169; x_wconf 87' lang='lat' dir='ltr'><strong>addiscendarnm</strong></span> <span class='ocrx_word' id='word_1_101' title='bbox 646 2119 751 2167; x_wconf 90' lang='lat' dir='ltr'><strong>causa</strong></span> <span class='ocrx_word' id='word_1_102' title='bbox 772 2118 949 2168; x_wconf 84' lang='lat' dir='ltr'><strong>sacrarum</strong></span> <span class='ocrx_word' id='word_1_103' title='bbox 971 2097 1223 2191; x_wconf 84' lang='lat' dir='ltr'><strong>scripturarum</strong></span> 
     </span>
     <span class='ocr_line' id='line_1_17' title="bbox 176 2212 1223 2309; baseline 0.002 -23"><span class='ocrx_word' id='word_1_104' title='bbox 176 2215 221 2286; x_wconf 91' lang='lat' dir='ltr'><strong>ad</strong></span> <span class='ocrx_word' id='word_1_105' title='bbox 233 2216 430 2286; x_wconf 87' lang='lat' dir='ltr'><strong>academias</strong></span> <span class='ocrx_word' id='word_1_106' title='bbox 442 2213 647 2309; x_wconf 86' lang='lat' dir='ltr'><strong>aliquandiu</strong></span> <span class='ocrx_word' id='word_1_107' title='bbox 660 2213 897 2295; x_wconf 83' lang='lat' dir='ltr'><strong>diversentur3</strong></span> <span class='ocrx_word' id='word_1_108' title='bbox 915 2214 977 2285; x_wconf 89' lang='lat' dir='ltr'><strong>sed</strong></span> <span class='ocrx_word' id='word_1_109' title='bbox 989 2212 1223 2288; x_wconf 78' lang='lat' dir='ltr'><strong>ille-secessus</strong></span> 
     </span>
     <span class='ocr_line' id='line_1_18' title="bbox 177 2322 1297 2425; baseline 0.004 -24"><span class='ocrx_word' id='word_1_110' title='bbox 177 2332 321 2402; x_wconf 92' lang='lat' dir='ltr'><strong>omnino</strong></span> <span class='ocrx_word' id='word_1_111' title='bbox 339 2330 446 2402; x_wconf 88' lang='lat' dir='ltr'><strong>debet</strong></span> <span class='ocrx_word' id='word_1_112' title='bbox 464 2331 694 2423; x_wconf 90' lang='lat' dir='ltr'><strong>quinquennii</strong></span> <span class='ocrx_word' id='word_1_113' title='bbox 712 2331 826 2425; x_wconf 90' lang='lat' dir='ltr'><strong>spatio</strong></span> <span class='ocrx_word' id='word_1_114' title='bbox 843 2330 992 2415; x_wconf 86' lang='lat' dir='ltr'><strong>deliniri,</strong></span> <span class='ocrx_word' id='word_1_115' title='bbox 1010 2355 1083 2425; x_wconf 91' lang='lat' dir='ltr'><strong>quo</strong></span> <span class='ocrx_word' id='word_1_116' title='bbox 1099 2342 1223 2405; x_wconf 86' lang='lat' dir='ltr'><strong>exacto</strong></span> <span class='ocrx_word' id='word_1_117' title='bbox 1293 2322 1297 2329; x_wconf 47' lang='lat'>⁵</span> 
     </span>
    </p>
   </div>
   <div class='ocr_carea' id='block_1_5' title="bbox 177 2448 1225 2892">
    <p class='ocr_par' dir='ltr' id='par_1_9' title="bbox 177 2448 1225 2892">
     <span class='ocr_line' id='line_1_19' title="bbox 177 2448 1223 2544; baseline 0.006 -27"><span class='ocrx_word' id='word_1_118' title='bbox 177 2449 244 2519; x_wconf 88' lang='lat' dir='ltr'><strong>nisi</strong></span> <span class='ocrx_word' id='word_1_119' title='bbox 274 2448 481 2541; x_wconf 88' lang='lat' dir='ltr'><strong>presbyterii</strong></span> <span class='ocrx_word' id='word_1_120' title='bbox 507 2448 619 2541; x_wconf 86' lang='lat' dir='ltr'><strong>gradu</strong></span> <span class='ocrx_word' id='word_1_121' title='bbox 647 2448 843 2529; x_wconf 88' lang='lat' dir='ltr'><strong>initientur,</strong></span> <span class='ocrx_word' id='word_1_122' title='bbox 871 2457 909 2519; x_wconf 90' lang='lat' dir='ltr'><strong>et</strong></span> <span class='ocrx_word' id='word_1_123' title='bbox 936 2448 1130 2542; x_wconf 80' lang='lat' dir='ltr'><strong>praebenda</strong></span> <span class='ocrx_word' id='word_1_124' title='bbox 1150 2451 1223 2544; x_wconf 85' lang='lat' dir='ltr'><strong>jam</strong></span> 
     </span>
     <span class='ocr_line' id='line_1_20' title="bbox 177 2564 1225 2658; baseline 0.005 -22"><span class='ocrx_word' id='word_1_125' title='bbox 177 2566 307 2658; x_wconf 89' lang='lat' dir='ltr'><strong>adepta</strong></span> <span class='ocrx_word' id='word_1_126' title='bbox 331 2564 571 2657; x_wconf 89' lang='lat' dir='ltr'><strong>privabuntur,</strong></span> <span class='ocrx_word' id='word_1_127' title='bbox 598 2574 636 2636; x_wconf 84' lang='lat' dir='ltr'><strong>et</strong></span> <span class='ocrx_word' id='word_1_128' title='bbox 663 2566 707 2635; x_wconf 89' lang='lat' dir='ltr'><strong>ad</strong></span> <span class='ocrx_word' id='word_1_129' title='bbox 737 2565 974 2637; x_wconf 88' lang='lat' dir='ltr'><strong>restituendos</strong></span> <span class='ocrx_word' id='word_1_130' title='bbox 1004 2566 1143 2639; x_wconf 83' lang='lat' dir='ltr'><strong>fructus</strong></span> <span class='ocrx_word' id='word_1_131' title='bbox 1171 2590 1225 2640; x_wconf 88' lang='lat' dir='ltr'><strong>su·</strong></span> 
     </span>
     <span class='ocr_line' id='line_1_21' title="bbox 178 2681 1225 2775; baseline 0.006 -25"><span class='ocrx_word' id='word_1_132' title='bbox 178 2681 372 2774; x_wconf 88' lang='lat' dir='ltr'><strong>perioribns</strong></span> <span class='ocrx_word' id='word_1_133' title='bbox 395 2682 495 2751; x_wconf 87' lang='lat' dir='ltr'><strong>annis</strong></span> <span class='ocrx_word' id='word_1_134' title='bbox 513 2704 556 2752; x_wconf 86' lang='lat' dir='ltr'><strong>ex</strong></span> <span class='ocrx_word' id='word_1_135' title='bbox 576 2705 619 2752; x_wconf 87' lang='lat' dir='ltr'><strong>ea</strong></span> <span class='ocrx_word' id='word_1_136' title='bbox 636 2690 821 2775; x_wconf 87' lang='lat' dir='ltr'><strong>perceptos</strong></span> <span class='ocrx_word' id='word_1_137' title='bbox 844 2683 1000 2753; x_wconf 84' lang='lat' dir='ltr'><strong>censuris</strong></span> <span class='ocrx_word' id='word_1_138' title='bbox 1017 2683 1225 2756; x_wconf 82' lang='lat' dir='ltr'><strong>ecclesiasti·</strong></span> 
     </span>
     <span class='ocr_line' id='line_1_22' title="bbox 179 2798 445 2892; baseline 0 -23"><span class='ocrx_word' id='word_1_139' title='bbox 179 2798 229 2869; x_wconf 84' lang='lat' dir='ltr'><strong>cis</strong></span> <span class='ocrx_word' id='word_1_140' title='bbox 245 2799 445 2892; x_wconf 83' lang='lat' dir='ltr'><strong>adigantur.</strong></span> 
     </span>
    </p>
   </div>
   <div class='ocr_carea' id='block_1_6' title="bbox 180 3010 1264 4035">
    <p class='ocr_par' dir='ltr' id='par_1_10' title="bbox 277 3010 1129 3099">
     <span class='ocr_line' id='line_1_23' title="bbox 277 3010 1129 3099; baseline 0.002 -22"><span class='ocrx_word' id='word_1_141' title='bbox 277 3011 355 3096; x_wconf 77' lang='lat' dir='ltr'><strong>Gap.</strong></span> <span class='ocrx_word' id='word_1_142' title='bbox 373 3030 424 3096; x_wconf 77' lang='lat'><strong>23.</strong></span> <span class='ocrx_word' id='word_1_143' title='bbox 449 3011 641 3097; x_wconf 69' lang='lat' dir='ltr'><strong>depositorem</strong></span> <span class='ocrx_word' id='word_1_144' title='bbox 655 3010 755 3097; x_wconf 75' lang='lat' dir='ltr'><strong>qualia</strong></span> <span class='ocrx_word' id='word_1_145' title='bbox 769 3011 927 3097; x_wconf 56' lang='lat' dir='ltr'><strong>diligentes</strong></span> <span class='ocrx_word' id='word_1_146' title='bbox 941 3013 1129 3099; x_wconf 71' lang='lat' dir='ltr'><strong>requiratur.</strong></span> 
     </span>
    </p>

    <p class='ocr_par' dir='ltr' id='par_1_11' title="bbox 180 3133 1264 4035">
     <span class='ocr_line' id='line_1_24' title="bbox 230 3133 1229 3229; baseline 0.004 -24"><span class='ocrx_word' id='word_1_147' title='bbox 230 3133 440 3227; x_wconf 75' lang='lat' dir='ltr'><strong>cognitores</strong></span> <span class='ocrx_word' id='word_1_148' title='bbox 458 3133 523 3226; x_wconf 90' lang='lat' dir='ltr'><strong>ipsi</strong></span> <span class='ocrx_word' id='word_1_149' title='bbox 536 3156 666 3228; x_wconf 90' lang='lat' dir='ltr'><strong>magna</strong></span> <span class='ocrx_word' id='word_1_150' title='bbox 678 3133 860 3227; x_wconf 85' lang='lat' dir='ltr'><strong>vigilantia</strong></span> <span class='ocrx_word' id='word_1_151' title='bbox 872 3158 1083 3229; x_wconf 88' lang='lat' dir='ltr'><strong>summaque</strong></span> <span class='ocrx_word' id='word_1_152' title='bbox 1096 3138 1229 3211; x_wconf 85' lang='lat' dir='ltr'><strong>debent</strong></span> 
     </span>
     <span class='ocr_line' id='line_1_25' title="bbox 180 3249 1228 3345; baseline 0.006 -24"><span class='ocrx_word' id='word_1_153' title='bbox 180 3250 385 3321; x_wconf 83' lang='lat' dir='ltr'><strong>assiduitate</strong></span> <span class='ocrx_word' id='word_1_154' title='bbox 396 3260 434 3320; x_wconf 90' lang='lat' dir='ltr'><strong>et</strong></span> <span class='ocrx_word' id='word_1_155' title='bbox 447 3251 651 3343; x_wconf 86' lang='lat' dir='ltr'><strong>integritate</strong></span> <span class='ocrx_word' id='word_1_156' title='bbox 664 3272 767 3321; x_wconf 90' lang='lat' dir='ltr'><strong>suum</strong></span> <span class='ocrx_word' id='word_1_157' title='bbox 777 3249 925 3321; x_wconf 85' lang='lat' dir='ltr'><strong>munus³</strong></span> <span class='ocrx_word' id='word_1_158' title='bbox 935 3252 1095 3345; x_wconf 89' lang='lat' dir='ltr'><strong>implere.</strong></span> <span class='ocrx_word' id='word_1_159' title='bbox 1123 3254 1228 3340; x_wconf 86' lang='lat' dir='ltr'><strong>Quod</strong></span> 
     </span>
     <span class='ocr_line' id='line_1_26' title="bbox 181 3367 1228 3464; baseline 0.004 -27"><span class='ocrx_word' id='word_1_160' title='bbox 181 3367 209 3437; x_wconf 86' lang='lat' dir='ltr'><strong>si</strong></span> <span class='ocrx_word' id='word_1_161' title='bbox 227 3367 412 3458; x_wconf 86' lang='lat' dir='ltr'><strong>quisquam</strong></span> <span class='ocrx_word' id='word_1_162' title='bbox 429 3389 551 3436; x_wconf 91' lang='lat' dir='ltr'><strong>corum</strong></span> <span class='ocrx_word' id='word_1_163' title='bbox 569 3368 814 3458; x_wconf 83' lang='lat' dir='ltr'><strong>praevaricatus</strong></span> <span class='ocrx_word' id='word_1_164' title='bbox 831 3368 948 3452; x_wconf 83' lang='lat' dir='ltr'><strong>fuerit,</strong></span> <span class='ocrx_word' id='word_1_165' title='bbox 962 3379 1000 3438; x_wconf 85' lang='lat' dir='ltr'><strong>et</strong></span> <span class='ocrx_word' id='word_1_166' title='bbox 1017 3368 1075 3441; x_wconf 88' lang='lat' dir='ltr'><strong>vel</strong></span> <span class='ocrx_word' id='word_1_167' title='bbox 1091 3382 1228 3464; x_wconf 86' lang='lat' dir='ltr'><strong>quaestu</strong></span> 
     </span>
     <span class='ocr_line' id='line_1_27' title="bbox 181 3481 1229 3577; baseline 0.007 -25"><span class='ocrx_word' id='word_1_168' title='bbox 181 3481 238 3553; x_wconf 89' lang='lat' dir='ltr'><strong>vel</strong></span> <span class='ocrx_word' id='word_1_169' title='bbox 271 3483 385 3577; x_wconf 86' lang='lat' dir='ltr'><strong>gratia</strong></span> <span class='ocrx_word' id='word_1_170' title='bbox 419 3484 464 3553; x_wconf 90' lang='lat' dir='ltr'><strong>de</strong></span> <span class='ocrx_word' id='word_1_171' title='bbox 491 3482 574 3574; x_wconf 90' lang='lat' dir='ltr'><strong>jure</strong></span> <span class='ocrx_word' id='word_1_172' title='bbox 608 3482 837 3554; x_wconf 86' lang='lat' dir='ltr'><strong>formularum</strong></span> <span class='ocrx_word' id='word_1_173' title='bbox 868 3485 1058 3556; x_wconf 83' lang='lat' dir='ltr'><strong>decesserit</strong></span> <span class='ocrx_word' id='word_1_174' title='bbox 1091 3486 1129 3556; x_wconf 94' lang='lat' dir='ltr'><strong>in</strong></span> <span class='ocrx_word' id='word_1_175' title='bbox 1163 3487 1229 3559; x_wconf 85' lang='lat' dir='ltr'><strong>hnc</strong></span> 
     </span>
     <span class='ocr_line' id='line_1_28' title="bbox 180 3598 1229 3692; baseline 0.005 -22"><span class='ocrx_word' id='word_1_176' title='bbox 180 3599 345 3670; x_wconf 82' lang='lat' dir='ltr'><strong>universa</strong></span> <span class='ocrx_word' id='word_1_177' title='bbox 361 3598 564 3692; x_wconf 84' lang='lat' dir='ltr'><strong>cognitione</strong></span> <span class='ocrx_word' id='word_1_178' title='bbox 586 3600 875 3692; x_wconf 73' lang='lat' dir='ltr'><strong>praestitutamm,</strong></span> <span class='ocrx_word' id='word_1_179' title='bbox 892 3624 964 3672; x_wconf 92' lang='lat' dir='ltr'><strong>non</strong></span> <span class='ocrx_word' id='word_1_180' title='bbox 988 3600 1103 3672; x_wconf 88' lang='lat' dir='ltr'><strong>solnm</strong></span> <span class='ocrx_word' id='word_1_181' title='bbox 1122 3627 1165 3675; x_wconf 88' lang='lat' dir='ltr'><strong>ea</strong></span> <span class='ocrx_word' id='word_1_182' title='bbox 1185 3604 1229 3675; x_wconf 89' lang='lat' dir='ltr'><strong>de</strong></span> 
     </span>
     <span class='ocr_line' id='line_1_29' title="bbox 181 3715 1228 3809; baseline 0.005 -22"><span class='ocrx_word' id='word_1_183' title='bbox 181 3739 220 3787; x_wconf 90' lang='lat' dir='ltr'><strong>re</strong></span> <span class='ocrx_word' id='word_1_184' title='bbox 246 3715 387 3786; x_wconf 87' lang='lat' dir='ltr'><strong>Christo</strong></span> <span class='ocrx_word' id='word_1_185' title='bbox 413 3737 552 3786; x_wconf 85' lang='lat' dir='ltr'><strong>summo</strong></span> <span class='ocrx_word' id='word_1_186' title='bbox 571 3717 684 3807; x_wconf 89' lang='lat' dir='ltr'><strong>judici</strong></span> <span class='ocrx_word' id='word_1_187' title='bbox 710 3717 949 3809; x_wconf 84' lang='lat' dir='ltr'><strong>respondebit,</strong></span> <span class='ocrx_word' id='word_1_188' title='bbox 970 3741 1093 3789; x_wconf 89' lang='lat' dir='ltr'><strong>verum</strong></span> <span class='ocrx_word' id='word_1_189' title='bbox 1120 3721 1228 3791; x_wconf 87' lang='lat' dir='ltr'><strong>etiam</strong></span> 
     </span>
     <span class='ocr_line' id='line_1_30' title="bbox 182 3829 1264 3928; baseline 0.006 -27"><span class='ocrx_word' id='word_1_190' title='bbox 182 3829 348 3922; x_wconf 91' lang='lat' dir='ltr'><strong>episcopi,</strong></span> <span class='ocrx_word' id='word_1_191' title='bbox 363 3851 445 3898; x_wconf 89' lang='lat' dir='ltr'><strong>curn</strong></span> <span class='ocrx_word' id='word_1_192' title='bbox 460 3831 652 3922; x_wconf 86' lang='lat' dir='ltr'><strong>requisitus</strong></span> <span class='ocrx_word' id='word_1_193' title='bbox 669 3832 785 3916; x_wconf 78' lang='lat' dir='ltr'><strong>fuerit,</strong></span> <span class='ocrx_word' id='word_1_194' title='bbox 799 3842 947 3928; x_wconf 87' lang='lat' dir='ltr'><strong>cogetur</strong></span> <span class='ocrx_word' id='word_1_195' title='bbox 956 3834 1133 3926; x_wconf 90' lang='lat' dir='ltr'><strong>judicium</strong></span> <span class='ocrx_word' id='word_1_196' title='bbox 1147 3860 1228 3910; x_wconf 91' lang='lat' dir='ltr'><strong>cen·</strong></span> <span class='ocrx_word' id='word_1_197' title='bbox 1257 3890 1264 3899; x_wconf 89' lang='lat'>.</span> 
     </span>
     <span class='ocr_line' id='line_1_31' title="bbox 182 3945 517 4035; baseline 0 -20"><span class='ocrx_word' id='word_1_198' title='bbox 182 3966 370 4035; x_wconf 77' lang='lat' dir='ltr'><strong>curemque</strong></span> <span class='ocrx_word' id='word_1_199' title='bbox 389 3945 517 4015; x_wconf 90' lang='lat' dir='ltr'><strong>subire.</strong></span> 
     </span>
    </p>
   </div>
   <div class='ocr_carea' id='block_1_7' title="bbox 267 4103 1148 4185">
    <p class='ocr_par' dir='ltr' id='par_1_12' title="bbox 267 4103 1148 4185">
     <span class='ocr_line' id='line_1_32' title="bbox 267 4103 1148 4185; baseline 0.009 -21"><span class='ocrx_word' id='word_1_200' title='bbox 267 4106 409 4166; x_wconf 87' lang='lat' dir='ltr'><strong>¹nrunera</strong></span> <span class='ocrx_word' id='word_1_201' title='bbox 422 4128 475 4167; x_wconf 86' lang='lat' dir='ltr'><strong>om.</strong></span> <span class='ocrx_word' id='word_1_202' title='bbox 603 4103 826 4185; x_wconf 81' lang='lat' dir='ltr'><strong>²impleverunt.</strong></span> <span class='ocrx_word' id='word_1_203' title='bbox 953 4110 1148 4172; x_wconf 78' lang='lat' dir='ltr'><strong>³munusom.</strong></span> 
     </span>
    </p>
   </div>
   <div class='ocr_carea' id='block_1_8' title="bbox 0 0 1341 4800">
    <p class='ocr_par' dir='ltr' id='par_1_13' title="bbox 0 0 1341 4800">
     <span class='ocr_line' id='line_1_33' title="bbox 0 0 1341 4800; baseline 0 0"><span class='ocrx_word' id='word_1_204' title='bbox 0 0 1341 4800; x_wconf 95' lang='lat' dir='ltr'><strong> </strong></span> 
     </span>
    </p>
   </div>
  </div>
 </body>
</html>
