2692 4800
497 316 546 367 nr
570 316 869 371 ruomnonmus.
1138 301 1212 368 225

311 1026 314 1031 Ι
420 936 489 1009 DE
520 937 949 1011 PROBATIONIBUS.

462 1162 541 1246 Cap.
557 1183 581 1227 1.
604 1161 752 1227 Probaiio
766 1162 845 1248 quid
856 1162 908 1227 rit.

208 1298 378 1371 Probntio
404 1310 459 1372 est
489 1303 539 1372 rei
568 1303 686 1373 ‹lubiae
715 1324 779 1396 per
808 1302 968 1397 legitima
995 1303 1210 1373 documento

157 1417 323 1488 ostensio.

281 1624 359 1712 (inp.
374 1644 404 1690 2.
426 1626 491 1690 Iteo
505 1627 668 1710 confitente,
685 1647 742 1691 non
756 1636 797 1691 est
811 1647 885 1709 opus
892 1624 1080 1711 probatione.

206 1770 304 1855 Quid
330 1782 384 1843 est
410 1796 498 1865 opus
523 1797 663 1845 causam
690 1775 727 1844 in
752 1797 902 1845 examen
929 1776 1078 1859 trahere,
1099 1800 1207 1870 quom

154 1910 237 1959 reus
268 1910 331 1960 sus
355 1889 573 1963 confossione
602 1900 736 1963 certam
763 1892 849 1963 facit
878 1899 915 1962 et
945 1892 1206 1966 indubitatam?

154 2002 312 2075 Proinde
340 2029 411 2076 non
443 2015 498 2077 est
528 2007 720 2099 quaercnds
749 2007 920 2099 probatio,
947 2030 1028 2076 cum
1060 2030 1140 2078 rcus
1168 2010 1206 2079 id

152 2122 250 2214 qnod
278 2131 401 2193 contro
430 2146 512 2193 eum
541 2121 780 2216 principaliter
808 2123 1026 2215 propositum
1059 2132 1124 2206 est,
1152 2123 1203 2194 fs·

152 2246 261 2309 tetur.
313 2237 536 2309 Probstionis
555 2238 705 2309 facultas
728 2236 928 2329 ampliando
950 2237 1204 2330 potiusquam

151 2353 396 2447 restringenda
437 2363 502 2436 est,
545 2361 587 2424 ut
629 2354 758 2425 veritas
799 2354 836 2421 in
879 2352 1042 2422 omnibus
1090 2355 1204 2425 cnissis

150 2468 341 2541 elucescat.

439 2678 517 2764 Cap.
529 2698 560 2762 3.
586 2677 707 2762 Species
715 2675 913 2763 probotionis.

200 2820 286 2892 Sive
312 2822 421 2916 igitur
450 2846 513 2916 per
538 2832 657 2904 testes,
684 2822 929 2902 instrumento,
960 2825 1202 2915 presumptio-

147 2958 224 3021 nss,
268 2936 415 3007 indicia¹
456 2949 518 3007 aut
556 2939 697 3019 famam,
732 2938 956 3030 probationes
999 2937 1199 3023 offerant-ur,

146 3054 303 3147 prudens
321 3054 446 3145 judex,
467 3056 538 3145 (cui
563 3055 717 3125 muitum
739 3055 853 3146 quoad
878 3055 945 3124 hoc
971 3055 1198 3128 tribuendum

146 3192 224 3241 esse
252 3170 480 3265 judicamus),
508 3173 610 3243 focile
640 3171 870 3254 existimabit,
900 3173 1055 3263 pensatis
1081 3196 1198 3245 ronrm

145 3295 184 3357 et
212 3309 437 3380 personarum
466 3290 748 3372 circumstantiis,
772 3298 945 3380 quatenus
970 3290 1098 3382 cuique
1124 3315 1198 3363 cre-

145 3403 303 3473 dendum
338 3403 395 3473 sit.
464 3403 593 3498 Neque
627 3407 721 3477 enim
759 3407 804 3477 sd
842 3428 946 3475 unam
982 3408 1198 3498 probotionis

144 3520 301 3611 speciem
329 3519 445 3610 judex
483 3544 559 3593 sese
596 3523 742 3617 alligare
775 3521 891 3603 debet,
927 3522 988 3592 sed
1023 3546 1069 3593 ex
1098 3525 1197 3616 justo

143 3636 253 3705 animi
279 3636 332 3705 sui
358 3639 536 3708 sententis
558 3639 761 3721 aestimnbit
779 3640 862 3731 quid
889 3648 952 3708 nut
978 3640 1110 3722 credat,
1133 3652 1196 3713 out

144 3775 268 3846 parum
290 3754 479 3845 probatum
503 3754 568 3825 sibi
589 3756 758 3837 videntur,
776 3777 856 3824 curn
879 3755 1055 3850 intelliget
1081 3758 1196 3829 mults

142 3892 240 3962 saepe
273 3870 489 3961 conjunctim
531 3870 704 3954 evincere,
738 3871 881 3941 seorsim
926 3894 1009 3940 vero
1048 3884 1195 3967 accepto

142 4007 366 4078 nequaquam
391 3986 498 4056 fidem
522 3986 648 4059 fecere.

600 4192 606 4229 ¹
619 4197 734 4271 judicia.

653 4448 680 4505 Q
