2692 4800
153 284 225 356 246
544 304 592 353 nn
616 304 797 368 rusmnus,
1223 293 1283 365 ol

154 490 276 537 eorum
299 488 463 559 personas
486 473 524 536 et
542 465 636 537 dieto
653 489 716 558 per
731 466 819 539 alios
836 476 957 538 testes.
1011 469 1091 540 Nisi
1109 473 1200 542 enim

154 584 232 674 quis
251 592 335 653 aute
356 581 634 676 publicationem
656 583 944 654 testimoniorum
968 584 1016 654 ‹le
1039 587 1201 679 reprobo·

155 700 252 768 tione
276 699 421 769 testium
444 706 660 790 protestatus
680 696 797 782 fuerit,
816 707 940 791 posteo
959 723 1031 770 non
1048 703 1200 786 auditur,

153 814 220 883 nisi
235 814 335 905 juret
357 836 395 884 se
413 811 510 884 nullu
526 811 663 884 malitia
679 836 746 884 neo
763 814 844 886 dolo
861 816 905 885 nd
924 817 1199 908 protrahendum

153 928 264 1011 litem,
283 930 328 998 ud
352 929 554 999 faciendum
577 929 688 999 talem
710 930 994 1022 reprobationem
1013 933 1148 1018 induci,
1164 946 1200 1007 et

151 1067 248 1114 nunc
265 1046 417 1136 primum
438 1066 476 1115 se
494 1044 529 1112 id
553 1045 735 1136 reperisse,
750 1045 845 1137 quod
869 1048 1022 1120 testibus
1041 1050 1201 1144 objectu·

152 1163 284 1233 roseit.

420 1259 499 1342 Cup.
512 1279 542 1340 9.
566 1257 782 1324 Jurommrum
796 1262 923 1326 testium.

201 1395 410 1488 Requiritur
424 1405 557 1478 eutem,
576 1406 617 1466 ut
634 1407 745 1469 testes
756 1400 1004 1490 juramentum
1021 1410 1199 1493 prestent

149 1522 339 1603 antequam
367 1512 554 1603 quicquam
584 1512 801 1604 deponatur;
835 1516 917 1606 quin
943 1517 1027 1585 testi
1048 1539 1122 1586 non
1140 1519 1200 1609 ju·

150 1637 236 1708 rato,
259 1628 484 1719 quantumvis
505 1626 689 1720 religiosus
712 1628 774 1699 ille
800 1630 918 1712 fuerit,
945 1652 1019 1701 uon
1042 1634 1199 1704 creditur

149 1743 186 1812 in
220 1743 367 1813 alterius
400 1743 652 1835 praejudicium.
714 1743 895 1816 Jurobunt
927 1757 1049 1818 nutem
1085 1758 1197 1820 totum

150 1858 305 1929 dicturos
333 1861 530 1940 veritatem,
557 1883 662 1951 quum
690 1871 831 1942 norunt,
859 1862 904 1932 de
931 1886 969 1934 re
997 1886 1198 1957 superque

142 1975 277 2065 jurant,
296 1997 361 2045 neo
387 1972 495 2043 ullam
522 1974 744 2045 admisturus
770 1975 982 2058 falsitatem
1012 1979 1110 2069 quod
1134 2001 1197 2071 pro

148 2098 300 2182 utraque
318 2100 418 2182 parte
436 2090 557 2160 dicent
574 2092 772 2173 veritatem,
790 2114 896 2183 quom
921 2093 1039 2163 sciunt
1064 2094 1112 2164 ud
1135 2118 1196 2166 ne-

147 2208 286 2300 gotium
312 2207 503 2298 pertinere,
529 2207 638 2275 etium
666 2229 736 2277 non
767 2209 999 2302 interrogati;
1036 2219 1074 2280 et
1102 2211 1195 2303 quod

146 2344 213 2392 neo
231 2323 356 2416 pretio,
374 2344 440 2392 nec
460 2344 580 2391 umore
601 2331 664 2392 out
680 2322 771 2405 odio,
790 2346 856 2393 nee
873 2325 1001 2394 timore
1021 2335 1085 2395 out
1102 2349 1198 2397 oom-

147 2438 253 2508 modo
271 2460 482 2529 quocunque
500 2437 620 2507 dicent
642 2439 898 2509 testimonium.
952 2437 1198 2514 Nihilominus

147 2555 308 2646 partibus
325 2555 477 2623 invicem
496 2552 772 2623 remittentibusl
791 2563 918 2623 utnon
932 2556 1058 2647 jurent
1077 2565 1196 2641 testes,

148 2672 304 2741 ereditur
334 2671 441 2740 etium
472 2692 542 2738 non
567 2670 707 2759 juratis.
764 2669 1016 2741 Jurumentum
1048 2675 1195 2742 testium

147 2787 340 2856 extendere
360 2785 521 2855 volumus
544 2787 588 2854 od
613 2809 756 2856 omnem
780 2797 987 2865 consumet
1010 2789 1119 2857 etiam
1144 2790 1197 2858 in-

147 2902 377 2996 terrogatoria
394 2923 610 2991 quaeounque
637 2898 803 2993 legitimae
824 2900 886 2982 rei,
903 2900 969 2969 nisi
996 2903 1197 2993 specialiter

147 3042 251 3111 super
269 3041 339 3087 uno
357 3016 507 3086 articulo
525 3015 773 3107 producantur.

352 3228 428 3311 Cup.
444 3247 493 3290 10.
516 3226 633 3290 Diebus
638 3225 770 3310 feriatis
784 3247 845 3289 ooo
851 3229 986 3311 juretur.

195 3369 319 3437 Testes
350 3366 474 3435 diebus
504 3365 638 3434 feriatis
661 3366 905 3457 juramentum
935 3388 981 3434 ne
1016 3377 1193 3457 praestent,

146 3507 226 3553 eum
246 3483 296 3552 de
308 3504 473 3576 processu
493 3482 586 3572 juris
603 3483 659 3563 sit,
678 3491 715 3551 et
736 3490 837 3550 octus
856 3481 1046 3571 judicialis.
1102 3481 1193 3551 Exa-

144 3599 269 3668 minari
285 3622 368 3668 vero
387 3607 497 3667 testes
509 3598 618 3689 jurati
634 3620 845 3689 quoeunque
859 3606 1018 3690 tempore
1036 3609 1193 3689 possunt

144 3715 226 3807 quia
243 3713 459 3784 examinatio
478 3714 622 3783 testium
642 3735 713 3782 non
732 3724 787 3781 est
803 3712 983 3803 judicialis
1004 3723 1116 3794 notus,
1135 3714 1192 3783 sed

144 3831 288 3901 seorsim
315 3838 353 3899 et
380 3838 516 3899 secreto
545 3827 623 3897 loco
651 3829 702 3910 lit,
721 3837 761 3897 ut
788 3827 967 3897 liberiores
992 3830 1252 3908 sinttestes117

144 3947 188 4017 ad
216 3946 407 4015 dicendum
435 3945 690 4014 testimonium.
743 3944 835 4013 Num
863 3944 1108 4014 testimonium
1134 3945 1192 4015 hn-

145 4064 251 4133 betur
268 4085 330 4153 pro
350 4060 458 4141 nullo,
477 4061 571 4151 quod
591 4058 706 4151 palam
726 4060 888 4129 omnibus
906 4061 1043 4130 dietum
1061 4072 1128 4131 est.

560 4195 566 4233 ¹
584 4198 778 4255 renuentibus.
