2692 4800
146 286 234 344 xxxiv
447 281 609 340 TABULA
628 281 879 340 TITULORUM.

167 446 195 502 6.
216 442 263 502 De
278 441 385 518 Spiritu
399 450 498 499 sancto
503 485 896 501 ....................
907 466 912 478 ·
911 484 1103 500 ..........
1118 458 1188 517 p.11

168 558 196 616 7.
218 541 262 598 De
275 547 391 616 peccato
405 538 532 614 originis,
546 537 636 595 libero
650 538 777 604 arbitrio,
791 546 821 596 et
831 536 1036 613 justificatione
1053 583 1080 598 ..
1094 583 1118 596 ..
1152 539 1192 597 ib.

167 637 195 694 8.
216 636 262 694 De
276 634 449 711 perfectione
459 635 688 710 justificatorum,
703 643 733 693 et
747 635 784 694 de
797 635 929 711 operibus
943 653 1132 712 supereroga-

245 734 331 792 tionis
356 776 1122 793 ......................................
1152 732 1193 789 ib.

166 851 195 908 9.
216 831 261 889 De
274 849 341 888 casu
351 830 581 906 justificatorum,
596 838 625 888 et
639 838 757 906 peccato
770 831 801 888 in
816 830 953 907 Spiritum
968 829 1128 889 Sanctum.
1158 847 1193 887 11

152 949 194 988 ιο.
215 930 259 987 De
274 929 367 986 missis
381 938 410 986 et
421 928 587 1005 purgatorio
604 973 1122 989 ..........................
1153 927 1194 984 ib.

148 1046 193 1085 11.
215 1028 259 1085 De
272 1026 481 1084 incredulorum
495 1034 524 1083 et
538 1026 689 1102 impiorum
703 1023 898 1084 Damnatioue
910 1067 1123 1086 ...........
1159 1044 1168 1082 1
1174 1042 1193 1097 3

150 1142 193 1180 11.
216 1124 260 1181 De
273 1124 429 1181 animarum
442 1123 558 1181 interitu
573 1122 618 1179 vel
632 1141 752 1190 sommo,
766 1131 796 1180 et
810 1123 845 1181 de
859 1122 1077 1181 resurrectione.
1095 1166 1122 1182 ..
1156 1139 1194 1194 14

148 1240 195 1295 13·
218 1221 265 1279 De
279 1222 493 1297 magistratibus
525 1264 1124 1280 ..............................
1153 1219 1193 1276 ab.

150 1338 194 1394 ¹4·
215 1319 476 1378 Decommunitate
490 1319 632 1375 bonorum
646 1325 811 1374 etuxorum
1056 1360 1078 1373 ..
1096 1363 1123 1378 ..
1157 1330 1195 1394 15

148 1437 160 1474 1
166 1430 194 1493 5.
215 1416 264 1475 De
273 1416 442 1492 juramentis
456 1423 486 1473 et
499 1415 715 1491 participatione
729 1413 888 1473 Dominioe
902 1416 997 1473 coenae
1013 1460 1039 1474 ..
1057 1461 1083 1474 ..
1099 1461 1124 1475 ..
1155 1415 1196 1474 ib.

148 1515 193 1573 16.
216 1514 263 1572 De
278 1514 414 1572 ministris
428 1522 457 1571 et
471 1513 618 1570 ordinibus
642 1558 1123 1573 ........................
1159 1513 1196 1571 16

149 1605 195 1688 17.
217 1613 261 1670 De
275 1619 517 1669 sacramentorum
532 1618 633 1667 natura
645 1653 1124 1671 ........................
1156 1610 1195 1669 ib.

147 1710 192 1768 18.
213 1710 261 1768 De
275 1709 422 1784 Baptismo
440 1751 1120 1770 ..................................
1158 1725 1194 1782 17

148 1826 194 1884 ¹9·
215 1807 260 1865 De
276 1805 577 1864 transubstantiatione
591 1806 621 1862 in
635 1803 824 1871 Eucharistia,
839 1813 869 1863 et
882 1804 1085 1881 impanatione,
1100 1813 1134 1864 ut

245 1912 357 1969 vocant,
373 1903 499 1979 corporis
513 1902 621 1960 Christi
647 1947 1122 1964 ........................
1159 1903 1197 1961 18

145 2021 195 2064 1ο.
216 2004 261 2061 Dc
275 2003 457 2061 matrimonio
482 2045 1123 2062 ................................
1157 2021 1198 2061 ao

146 2121 194 2159 11.
212 2102 256 2160 De
271 2103 401 2160 Romana
414 2099 551 2165 Ecclesia,
565 2107 594 2156 et
608 2105 750 2174 potestate
765 2098 886 2156 Romani
900 2100 1081 2175 pontificis..
1096 2145 1123 2161 ..
1154 2101 1196 2159 ab.

146 2218 194 2257 11,
216 2199 263 2257 De
278 2198 526 2274 predestinatione
566 2241 1000 2258 ......................
1014 2223 1027 2258 a
1033 2244 1124 2259 .....
1156 2217 1193 2258 11

145 2298 284 2374 Epilogus
319 2337 1124 2356 ........................................
1158 2315 1197 2354 11

356 2550 593 2607 assumens
612 2550 766 2606 CONTRA
786 2551 981 2608 HAERESES.

171 2693 195 2732 1.
219 2674 279 2732 Sub
294 2674 395 2749 quibus
405 2673 550 2749 judicibus
564 2681 754 2749 cognoscatur
768 2674 803 2731 de
818 2674 919 2732 haeresi
932 2718 1123 2735 ..........
1158 2692 1195 2750 23

168 2790 195 2828 2.
217 2771 325 2828 Modus
339 2769 511 2845 procedendi
525 2779 624 2826 contra
638 2769 788 2828 haereticos
810 2816 1123 2832 ................
1155 2772 1196 2830 ib.

167 2889 195 2944 3.
218 2870 262 2926 De
276 2867 416 2925 baereticis
430 2867 661 2942 resipiscentibus
686 2912 1124 2928 ......................
1157 2885 1197 2941 24

165 2987 195 3043 4.
217 2969 261 3025 De
274 2965 488 3024 contumacibus
502 2965 642 3023 haereticis
648 3011 1123 3026 ........................
1157 2980 1195 3043 15

168 3081 195 3141 5.
215 3066 259 3122 De
273 3064 317 3122 his
331 3064 379 3139 qui
392 3064 525 3138 abjurant
538 3063 669 3120 haeresim
687 3107 1122 3124 ......................
1153 3063 1195 3122 rb.

167 3163 196 3220 6.
218 3161 344 3219 Haerssis
359 3160 502 3236 quomodo
515 3161 629 3236 probari
643 3160 745 3217 debeat
769 3204 1124 3220 ..................
1157 3160 1199 3218 16

169 3275 196 3334 7.
216 3259 234 3316 J
237 3259 350 3316 udicum
364 3258 499 3333 iniquitas
514 3259 657 3333 quomodo
668 3258 810 3333 punienda
813 3301 1126 3317 ................
1156 3257 1196 3316 ib.

169 3357 196 3413 8.
221 3355 375 3425 Quomodo
388 3355 505 3412 ferenda
519 3355 660 3412 sententia
677 3356 724 3421 sit,
740 3362 769 3412 et
783 3354 926 3430 quomodo
939 3353 1136 3431 interrogandi

249 3460 339 3510 testes
365 3495 1127 3512 ......................................
1158 3451 1197 3511 sb.

169 3570 196 3627 9.
218 3550 293 3609 Cum
306 3551 342 3608 lis
356 3550 386 3606 in
398 3549 515 3606 haeresis
532 3567 617 3606 causa
632 3549 747 3624 pendet,
763 3557 792 3606 et
806 3567 871 3606 reus
884 3548 999 3626 ingerit,
1014 3549 1083 3625 quid
1099 3549 1137 3608 sit

249 3648 410 3706 faciendum
445 3691 1126 3708 ..................................
1160 3662 1197 3725 17

151 3765 198 3804 10.
220 3746 264 3804 De
278 3746 322 3804 his
336 3746 385 3821 qui
399 3744 520 3802 confessi
535 3751 585 3801 aut
599 3744 721 3802 convicti
737 3745 795 3802 sint
808 3744 876 3820 quid
890 3744 1073 3803 statuendum
1087 3746 1133 3805 sit
1155 3746 1198 3805 ib.

151 3861 196 3900 11.
218 3843 262 3900 De
276 3842 412 3901 ministris
426 3841 561 3900 Ecclesiae
575 3841 805 3916 resipiscentibus
814 3886 1127 3903 ................
1160 3844 1199 3902 18

508 4095 559 4151 DE
578 4094 835 4151 BLASPHEMIA.

175 4240 197 4279 1.
220 4221 330 4291 Quibus
345 4219 373 4276 in
388 4220 473 4277 rebus
487 4227 616 4277 versetur
630 4219 806 4295 blasphemia
814 4263 1126 4278 ................
1159 4218 1199 4277 18

172 4338 197 4376 1.
220 4318 372 4389 Quomodo
386 4318 529 4393 punienda
543 4318 579 4374 sit
594 4317 769 4393 blasphemia
773 4360 1128 4376 ..................
1160 4331 1201 4391 19
