2692 4800
439 306 490 359 us
515 305 909 358 axcouuuurcsmous.
1125 288 1196 360 175

148 469 186 533 ct
201 459 401 532 clementer
416 463 673 554 acquieturum,
687 473 724 533 et
740 462 768 532 si
783 483 887 554 quem
908 459 1071 552 privatim
1090 457 1198 529 offen-

147 577 250 660 derit,
269 575 322 647 illi
341 575 445 670 plene
465 578 748 660 satisfacturum
775 587 853 646 tum
871 577 1015 646 demum
1033 575 1076 645 ad
1095 576 1198 646 mini-

147 701 261 764 strum
287 694 468 786 proprium
494 704 596 764 curet
625 715 725 763 reum
756 692 900 771 remitti,
926 692 1198 783 ministrumque

149 811 337 881 certiorem
363 811 470 881 faciat
495 810 673 902 quomodo
704 832 783 879 reus
813 810 848 878 in
880 808 957 878 loco
987 831 1051 878 suo
1081 830 1198 879 rursus

149 926 315 998 collocari
345 927 465 1020 possit,
491 935 677 1019 postquam
708 925 865 997 ecclesia
895 948 934 995 se
959 926 1027 996 rite
1052 927 1198 995 summi·

148 1045 245 1117 serit.
297 1043 359 1115 Ad
387 1053 590 1115 extremum
616 1044 712 1114 omni
739 1065 821 1114 cum
849 1041 964 1112 officio
991 1041 1198 1133 perfunctus

142 1161 206 1245 sit,
223 1160 264 1231 in
279 1159 466 1232 ecclesiam
483 1182 566 1231 reus
582 1161 780 1242 inducatur,
793 1167 831 1230 et
848 1158 897 1228 ibi
916 1159 983 1228 rite
1000 1180 1021 1227 a
1038 1155 1197 1251 legitimo
1316 1152 1320 1159 ’

148 1276 312 1346 ministro
329 1275 540 1358 dimittatur,
553 1285 591 1346 et
608 1275 652 1346 ad
667 1297 784 1345 veram
799 1271 1005 1344 Christiane
1018 1271 1199 1344 charitatis

149 1413 294 1462 omnem
325 1393 532 1463 societatem
560 1390 780 1472 adhibeatur,
804 1390 870 1460 nisi
900 1390 993 1459 forte
1022 1387 1199 1459 simulatio

149 1509 196 1579 ait
212 1507 334 1601 aliqua
349 1509 401 1580 rei
419 1509 454 1578 iu
472 1508 541 1578 hoc
559 1508 703 1602 negotio
721 1505 947 1599 deprehensa,
961 1504 1136 1598 planeque
1154 1505 1199 1574 de

150 1646 194 1695 eo
221 1631 375 1708 constet,
392 1625 487 1716 quod
517 1647 589 1694 nou
615 1624 750 1694 sincere
780 1623 841 1693 sed
872 1621 991 1692 fucate
1020 1644 1058 1693 se
1086 1629 1198 1715 gerat.

151 1736 323 1812 Minister
338 1749 460 1810 autem
477 1739 650 1832 imprimis
670 1748 783 1823 curet,
801 1747 842 1808 ut
859 1736 902 1807 ad
926 1735 1125 1830 legitimum
1140 1737 1199 1827 ju·

151 1855 268 1927 dicem
293 1864 406 1926 totam
436 1877 511 1925 rem
543 1854 733 1947 perscribat
763 1854 939 1946 quomodo
966 1860 1117 1923 tractata
1141 1852 1199 1935 sit,

151 1980 190 2043 et
209 1993 292 2042 reus
308 1972 385 2065 jam
403 1970 495 2043 liber
519 1972 595 2064 ipsc
616 1993 718 2041 uovoe
735 1971 881 2041 nuntius
897 1993 968 2041 suae
985 1971 1144 2051 fortunae,
1161 1991 1199 2038 se

151 2087 414 2181 quamprimum
447 2088 493 2158 ad
516 2087 676 2181 judicem
708 2087 888 2158 conferat:
924 2085 979 2156 vel
1009 2086 1059 2156 sic
1097 2085 1200 2154 mini·

151 2213 339 2296 utrumque
355 2204 543 2275 certiorem
561 2203 667 2274 iaciat
685 2203 729 2274 de
747 2203 817 2273 ritu
836 2212 873 2272 et
891 2201 1003 2272 forma
1025 2201 1200 2294 poeniteu-

152 2319 339 2402 timetde
361 2329 613 2414 temporeque
638 2340 718 2390 reus
743 2319 907 2389 astrictus
931 2318 978 2388 sit
1003 2316 1252 2413 ecclesiam,84

152 2459 259 2530 quam
277 2435 372 2506 malo
389 2433 556 2529 exemplo
572 2434 770 2517 offenderit,
788 2434 986 2505 emendare.
1033 2432 1201 2504 Minister

153 2575 238 2624 vcro
255 2560 294 2623 et
309 2553 455 2647 syndici,
471 2560 534 2623 aut
550 2561 762 2646 praestantes
778 2549 913 2644 aliquot
934 2550 1107 2643 parochiae
1125 2551 1200 2633 viri,

152 2668 327 2762 imprimis
343 2676 479 2751 curent,
496 2678 538 2738 ut
560 2666 605 2738 cd
627 2666 827 2761 legitimum
845 2666 1004 2759 judicem
1022 2665 1201 2737 bonafide

152 2798 193 2856 et
217 2796 357 2856 mature
386 2785 592 2868 rescribant,
618 2808 664 2855 an
693 2807 774 2856 reus
803 2783 1005 2854 mandatam
1033 2806 1056 2854 a
1078 2784 1201 2877 judice

153 2923 295 2995 poenam
312 2901 498 2972 summisse
515 2909 553 2972 et
569 2899 675 2996 plene
693 2899 809 2983 luerit,
826 2908 864 2971 et
881 2909 1031 2971 externo
1047 2902 1202 2993 corporis

152 3018 279 3090 habitu
304 3017 413 3089 animi
431 3039 513 3089 vere
539 3018 745 3111 poeuitcntis
770 3017 869 3110 signa
894 3016 1136 3097 declaraverit,
1155 3039 1201 3087 an

148 3136 204 3206 sic
229 3157 268 3206 se
290 3135 449 3229 gesserit,
468 3144 509 3204 ut
531 3143 594 3205 aut
617 3134 852 3205 contumaciae
877 3142 941 3204 aut
967 3131 1202 3204 simulationis

152 3261 257 3323 notas
285 3251 421 3344 aliquas
450 3249 566 3344 palam
598 3249 803 3321 ostenderit.
858 3247 980 3319 Judex
1008 3273 1089 3320 vero
1119 3273 1202 3322 cum

153 3386 255 3434 reum
278 3363 375 3435 omni
396 3363 511 3435 officio
537 3364 742 3458 prescripto
768 3362 993 3455 perfunctum
1019 3384 1095 3433 esse
1120 3383 1204 3455 cog·

148 3481 305 3564 noverit,
318 3477 418 3550 illum
433 3479 616 3551 avinculis
633 3479 1011 3549 excommunicationis
1028 3476 1203 3561 liberabit,

148 3596 365 3689 curabitque
390 3606 432 3666 ut
453 3596 603 3666 ministri
625 3594 830 3686 omnesqui
854 3593 1204 3665 excommunicatum

149 3712 389 3793 declararunt,
399 3711 475 3804 jam
493 3733 612 3783 rursus
634 3709 824 3782 liberatum
845 3719 883 3780 et
900 3709 1059 3780 eeclesiae
1082 3733 1204 3781 recon-

152 3828 315 3902 ciliatum
340 3849 417 3898 esse
441 3826 573 3920 populo
598 3825 796 3920 divulgent.
848 3822 936 3896 Hoec
957 3847 1040 3895 vero
1066 3847 1205 3918 semper

152 3949 207 4018 ita
224 3945 428 4038 procedant,
445 3944 511 4013 nisi
532 3943 657 4014 mortis
682 3939 877 4036 periculum
902 3941 939 4010 iu
962 3941 1205 4011 excommuni-

153 4062 296 4134 catione
312 4081 412 4129 reum
431 4058 721 4153 deprehenderit;
749 4068 825 4128 tum
844 4059 940 4130 enim
959 4056 1062 4129 illum
1083 4057 1202 4127 statim

154 4177 290 4250 dimitti
316 4175 443 4270 placet,
459 4177 488 4247 si
510 4176 687 4270 promissis
710 4174 914 4270 pignoribus
937 4173 1070 4244 caverit
1091 4195 1129 4243 se
1153 4173 1205 4242 in·

156 4304 259 4388 tegre
280 4291 541 4363 satisfactumm
564 4291 661 4362 omni
685 4291 830 4372 rationo,
849 4291 877 4360 si
897 4288 1004 4359 fuerit
1025 4286 1129 4358 saluti
1152 4310 1205 4356 re-
