2692 4800
153 272 226 339 284
486 287 535 338 ns
558 287 859 340 exsaruouraus
1200 287 1233 365 c}

152 442 287 511 tionem
314 440 462 533 probare
491 440 647 533 coeperit.
707 439 884 511 Attamen
914 443 1026 513 etiam
1054 444 1084 514 si
1117 453 1186 537 post

153 555 226 627 litis
252 556 547 626 contestationem
574 564 825 650 proponantur,
851 580 925 627 non
954 566 1062 629 erant
1085 558 1187 653 repel-

153 671 265 743 lendoe
282 695 303 743 a
314 672 460 765 judicio.

195 903 272 987 (lap.
286 903 315 966 8.
337 901 550 966 Decliooton'o
565 903 697 986 acceptio
711 909 815 966 contro
821 903 959 986 jadicem
973 915 1046 968 aare
1058 926 1153 970 om

524 1004 607 1069 atsto
615 1005 823 1091 proponendo
1167 996 1170 1001 ¹

204 1144 378 1237 Exceptio
413 1141 651 1227 declinatoria,
685 1166 762 1234 quae
792 1151 915 1215 contra
943 1146 1103 1237 judicem
1134 1156 1194 1230 est,

154 1285 225 1332 non
251 1260 364 1331 solum
390 1268 473 1329 ante
496 1257 568 1329 litis
592 1261 885 1330 contestationem
909 1260 1018 1332 debet
1041 1266 1195 1356 proponi,

154 1379 215 1449 sed
245 1384 328 1446 ante
356 1398 478 1445 ornnes
507 1373 603 1458 alias,
628 1375 702 1445 sive
732 1375 920 1457 dilatorias,
946 1379 1021 1448 sive
1047 1379 1198 1450 declina·

154 1495 271 1565 torias.
324 1491 420 1563 Nam
447 1492 474 1561 si
493 1491 539 1562 de
556 1490 633 1562 aliis
657 1493 802 1584 incipiat
823 1516 903 1565 reus
928 1495 1143 1588 respondere
1161 1496 1197 1564 in

148 1611 294 1704 judicio,
305 1609 464 1700 judicem
483 1607 660 1679 videbitur
677 1618 718 1677 ut
735 1630 838 1678 suum
855 1610 1061 1702 approbare.

154 1842 233 1926 Gap.
251 1861 280 1927 9.
303 1840 480 1905 Tormioom
498 1859 558 1903 caso
569 1837 799 1923 proponendam
816 1838 862 1902 ad
870 1839 1023 1924 judicem
1047 1852 1120 1906 oute
1134 1841 1198 1906 litis
1210 1849 1237 1914 ¹3

169 1945 409 2010 contestationem
424 1943 469 2006 od
481 1963 579 2006 omncs
592 1941 754 2006 datam
767 1943 947 2027 exceptiones
954 1945 1182 2029 proponendos.

208 2084 268 2155 Ne
284 2082 455 2153 dilatoriis
477 2080 745 2173 exceptionibus
767 2081 848 2153 lites
868 2082 1046 2154 malitiose
1068 2093 1200 2176 protra-

156 2203 297 2285 hantur,
316 2200 430 2293 judici
456 2197 675 2279 mandamus,
697 2206 738 2268 ut
764 2207 848 2269 ante
873 2197 946 2270 litis
971 2201 1200 2272 contestatio·

155 2342 239 2390 nem
273 2326 411 2388 certum
444 2313 600 2407 aliquem
635 2315 822 2384 terminum
863 2316 1073 2408 praescribat,
1110 2319 1200 2388 intra

71 2530 75 2537 ι
156 2459 262 2529 quem
281 2436 310 2506 si
328 2456 408 2504 reus
425 2452 547 2501 omnes
564 2430 743 2501 dilatorias
763 2453 833 2500 non
851 2440 1016 2523 opponat,
1035 2432 1200 2526 deinceps

157 2555 202 2624 de
220 2554 262 2622 iis
280 2573 349 2621 non
367 2549 539 2629 audiatur,
557 2547 622 2616 nisi
647 2546 800 2616 fortassis
824 2545 943 2637 aliqua
967 2571 1012 2617 ex
1040 2556 1200 2640 tempore

156 2672 290 2742 oriatur
307 2670 399 2737 inter
415 2664 601 2758 agendum,
619 2672 682 2733 aut
703 2664 730 2734 si
752 2664 848 2756 prius
870 2663 947 2744 fuit,
965 2687 1026 2734 reo
1044 2665 1199 2735 nouerit

156 2788 308 2881 cognita,
326 2792 389 2854 aut
410 2784 437 2852 si
460 2781 528 2850 fuit
549 2781 698 2873 cognita,
719 2791 803 2850 tunc
821 2803 891 2850 non
912 2780 1047 2860 habuit,
1065 2805 1112 2851 ex
1131 2805 1198 2874 quo

156 2905 252 2975 illam
275 2901 449 2996 probaret,
467 2899 561 2990 quod
579 2906 701 2990 postea
718 2895 769 2965 illi
787 2898 948 2966 occurrit.
1000 2896 1083 2980 Qua
1100 2900 1144 2969 de
1161 2922 1198 2968 re

152 3022 354 3115 priusquam
372 3015 545 3095 audiatur,
557 3013 759 3103 juramento
776 3011 918 3082 malitiae
936 3013 1148 3104 interponat.

282 3248 359 3332 Gap.
376 3267 425 3308 10.
453 3245 579 3329 Tempus
587 3242 853 3328 proponendorum
868 3241 1072 3326 acceptionum

529 3346 818 3432 porernptoricrom.

207 3491 458 3582 Peremptoriae
484 3488 722 3579 exceptiones,
748 3507 825 3575 quae
848 3484 1024 3574 judicium
1051 3484 1194 3575 impedi-

156 3618 222 3679 unt
247 3618 284 3678 et
310 3629 450 3677 causam
473 3605 662 3698 perimunt,
690 3612 730 3671 ut
759 3600 921 3693 exceptio
948 3600 997 3668 rei
1021 3599 1193 3690 judicata,

155 3724 401 3796 transactionis
423 3732 460 3791 et
482 3721 553 3790 litis
574 3720 691 3801 finitae,
715 3725 860 3811 possunt
885 3726 922 3786 et
947 3725 1031 3786 ante
1058 3725 1095 3784 et
1120 3725 1193 3807 post

153 3841 227 3912 litis
253 3840 548 3911 contestationem
573 3836 711 3928 opponi.
764 3833 851 3916 Quae
870 3855 951 3902 vero
977 3830 1092 3901 solum
1118 3854 1194 3901 cau·

151 3969 282 4030 semet
303 3957 485 4051 negotium
506 3955 695 4046 perimunt,
714 3962 755 4021 ut
777 3961 831 4021 est
855 3949 1019 4040 exceptio
1040 3949 1134 4040 pacti
1153 3947 1193 4015 de

149 4100 220 4146 non
239 4075 393 4170 petendo
412 4084 449 4142 et
467 4069 603 4151 similia,
619 4077 716 4138 recto
734 4076 959 4158 opponuntur
975 4063 1039 4133 lite
1054 4063 1191 4131 demum

148 4202 357 4262 contestata.

603 4307 610 4345 1
627 4299 757 4371 ajudice.
