2692 4800
144 278 217 343 210
276 292 325 341 nn
353 289 495 341 orarem
521 290 566 339 ne
591 288 870 341 Jnmsnrmrona
893 287 1073 340 Junrenu.

385 543 513 608 Jodieee
527 553 629 608 motae
644 538 951 629 opernferredcdoat.
1203 546 1241 591 ¹00

196 679 383 751 Sententia
399 681 473 751 lata
489 704 510 751 a
520 681 643 772 judice
655 679 733 763 loci,
745 680 806 751 ubi
823 678 1056 772 delinquitur,
1067 676 1124 750 rel
1137 679 1194 749 nbi

145 796 364 868 domicilium
390 796 543 867 habetur
567 819 589 866 a
613 819 685 880 reo,
707 796 911 866 executioni
936 795 1131 867 mandetur
1153 794 1195 875 (si

146 914 356 1005 oportuerit)
384 912 556 1005 ajudice,
582 912 619 981 in
647 913 747 1004 cnjus
777 911 912 982 ditione
942 912 995 980 rei
1020 911 1092 981 sita
1117 919 1198 981 sunt

146 1028 248 1111 bona,
267 1030 373 1099 modo
393 1052 415 1099 a
431 1028 566 1121 judice,
584 1028 644 1119 qui
671 1028 882 1098 sententiam
907 1026 1003 1106 tulit,
1021 1026 1060 1095 id
1086 1027 1200 1119 requi-

147 1152 263 1215 ratur:
307 1144 592 1235 quandoquidem
620 1143 736 1237 judex
770 1145 875 1214 nnius
905 1142 1101 1213 dioeceseoe
1130 1165 1199 1212 non

146 1268 266 1353 potest
282 1260 410 1351 exequi
429 1261 465 1329 in
481 1258 551 1329 alia
563 1258 720 1328 dioecesi.

204 1452 397 1552 Jodeelalr'r'a
411 1487 696 1552 eecommeoeioatam
709 1484 882 1550 ateolocndi
888 1484 944 1569 jes
960 1483 1144 1549 committere

618 1595 723 1674 potest.

199 1726 223 1798 J
224 1727 329 1807 udioi,
343 1728 403 1819 qui
421 1726 603 1797 absolvere
620 1727 665 1797 ab
682 1722 1056 1797 excommunicatione
1072 1735 1202 1818 potest,

149 1842 226 1914 aliis
243 1842 443 1935 hujusmodi
462 1841 721 1913 absolutionem
739 1841 965 1911 committere
982 1840 1103 1912 liceat.

523 2056 627 2119 Poeno
641 2054 824 2119 arbitrario.

201 2192 274 2264 Ubi
301 2203 398 2264 certa
421 2216 526 2286 poena
542 2194 579 2263 in
593 2194 675 2285 jure
691 2216 764 2264 non
781 2193 964 2286 reperitur,
976 2193 1096 2285 judex
1114 2197 1205 2267 ordi·

151 2311 268 2380 narius
285 2311 359 2380 sive
377 2309 561 2404 delegatus
577 2309 797 2380 arbitrariam
814 2311 998 2402 imponere
1015 2319 1150 2403 potest.

223 2538 326 2603 Jeda
340 2538 556 2624 appellationis
570 2559 630 2601 ooo
639 2535 783 2620 madebit
797 2547 1014 2618 testamentum,
1031 2563 1131 2625 noqm

373 2640 514 2704 hommem
529 2640 823 2705 amministrationem
837 2642 978 2706 concelet.

204 2780 243 2850 Si
274 2781 421 2870 quaestio
452 2802 557 2870 super
585 2779 716 2849 viribus
746 2781 960 2862 testamenti,
992 2783 1068 2852 sive
1098 2806 1218 2876 snper·

153 2896 457 2966 administratione
474 2896 647 2965 bonorum
662 2896 821 2967 defuncti
840 2898 1066 2969 concedenda
1084 2922 1214 2970 corana

147 3012 270 3103 jndice
288 3011 463 3082 ordinario
481 3013 597 3093 fuerit
617 3021 654 3082 et
674 3013 711 3082 in
734 3034 839 3084 causa
860 3014 921 3084 illa
942 3013 1140 3106 appellatio
1161 3016 1214 3087 ad

154 3127 368 3219 superiorem
391 3127 598 3219 interposita
623 3129 794 3211 extiterit,
816 3128 931 3220 judex
957 3129 1018 3199 ille
1044 3131 1211 3223 superior

155 3267 260 3336 super
278 3244 427 3335 justitiae
453 3266 557 3314 eausa
573 3245 804 3336 pronunciare
821 3242 969 3327 babet¹3
1000 3253 1039 3313 et
1060 3245 1090 3315 is
1114 3246 1205 3316 ordi·

156 3361 284 3444 narius,
310 3360 354 3429 ad
381 3383 486 3452 quem
513 3361 677 3453 pertinet,
705 3360 812 3430 debet
838 3367 1096 3430 testamentum
1127 3385 1197 3455 pro

156 3475 250 3558 bare,
268 3499 330 3547 seu
352 3476 693 3547 administrationem
717 3477 920 3559 concedere,
939 3478 1068 3547 aeolia
1089 3479 1194 3570 requi·

157 3592 225 3661 sita
252 3589 308 3660 et²
342 3592 537 3661 necessaria
570 3592 606 3660 iu
636 3615 678 3663 ea
709 3600 810 3684 purte
845 3593 971 3674 iacere,
1002 3594 1040 3662 in
1076 3595 1190 3686 quibus

150 3706 266 3799 judex
291 3706 538 3800 appellationis
566 3708 665 3777 nullo
691 3708 797 3779 modo
828 3709 903 3779 sine
929 3731 1097 3800 expresso
1121 3731 1188 3780 con·

158 3845 261 3894 sensu
280 3822 444 3893 ordinarii
462 3846 500 3894 se
518 3824 744 3895 intromittat.

384 4001 391 4040 ¹
408 4005 521 4062 habent.
770 4015 783 4054 ²
797 4012 826 4062 et
840 4024 873 4062 ea
887 4025 980 4063 neces.
