2692 4800
146 252 219 339 §18
515 289 565 340 nu
588 289 820 341 sumamus
1209 288 1267 369 cp

145 452 268 513 tenere
286 442 457 526 volumus,
485 455 527 515 ut
551 445 587 516 id
606 447 746 539 jurasse
771 446 948 530 credatur,
965 446 1062 540 quod
1088 446 1131 530 ie,
1148 447 1192 517 ad

146 581 252 651 quem
263 560 508 652 jurameutum
525 561 756 646 referebatur,
772 564 955 636 communi
972 563 1192 658 loquentium

146 697 244 746 more
260 674 441 770 intelligit.

254 887 332 975 (lap.
349 889 379 951 6.
401 888 616 971 Dofiodioidas
622 889 835 973 jurameutum
843 888 1085 974 postulantibus.

196 1027 451 1099 Gravissimum
477 1036 533 1099 est
557 1028 700 1120 perjurii
725 1029 882 1110 crimem
916 1027 1075 1121 primum
1100 1029 1193 1101 enim

145 1153 269 1216 contra
280 1144 349 1214 Dei
362 1153 577 1238 praeceptum
592 1153 661 1228 est;
681 1144 809 1216 deiude
821 1142 921 1216 Deus
932 1143 971 1214 in
981 1167 1026 1215 eo
1036 1146 1090 1217 rei
1100 1142 1193 1217 falsa

146 1260 247 1332 testis
264 1259 476 1346 adhibetur3
501 1271 680 1352 postremo
690 1261 946 1352 juramentum,
964 1283 1037 1353 quo
1055 1262 1192 1346 verino,

145 1398 201 1446 res
223 1375 384 1446 humanae
410 1377 571 1447 societati
595 1377 751 1446 maxime
772 1376 977 1458 necessaria,
996 1377 1192 1449 confirmati

146 1491 263 1573 debet,
280 1491 325 1562 ad
350 1490 581 1562 suffulcienda
605 1492 788 1562 mendacia
805 1492 1052 1583 detorquetur.
1103 1493 1192 1564 Cum

146 1608 253 1701 igitur
276 1616 351 1678 tam
370 1608 600 1679 vehementer
622 1608 658 1677 iu
680 1608 840 1699 perjuriis
862 1616 1043 1700 peccetur,
1055 1608 1193 1701 judiees

144 1724 182 1793 in
207 1724 426 1817 postulandis
446 1725 658 1816 juramentis
678 1746 748 1794 non
773 1725 862 1794 sintl
890 1723 1023 1807 faciles,
1052 1746 1193 1818 praser-

145 1839 209 1909 tim
238 1861 319 1909 oum
347 1861 392 1907 ex
414 1840 628 1931 juramentis
655 1840 807 1932 perjuria
835 1849 1100 1932 consequutura
1126 1863 1191 1911 non

145 1957 291 2028 obscure
309 1957 513 2048 conjiciunt.

403 2165 481 2251 Gap.
499 2183 528 2248 7.
552 2165 931 2252 Dopcjarootimnpoeoa.
1201 2168 1244 2230 ¹04

195 2303 334 2384 Clerici,
369 2303 429 2394 qui
463 2303 614 2372 scientes
649 2310 687 2372 et
721 2302 880 2372 volentes
907 2305 1119 2396 juramenta
1150 2304 1193 2373 de

145 2419 250 2491 rebus
273 2419 379 2490 licitis
400 2428 437 2489 et
453 2418 611 2489 honestis
632 2418 917 2511 interposuerint,
934 2419 963 2489 si
984 2420 1095 2491 iidem
1116 2432 1193 2512 poet

146 2535 336 2606 fefellerint
362 2559 467 2627 quam
495 2557 632 2605 servare
659 2544 834 2627 poterant,
854 2544 917 2605 aut
942 2536 970 2605 si
988 2537 1192 2628 juramento

146 2653 429 2722 confirmaverint
457 2675 548 2744 quae,
577 2674 658 2720 cum
687 2653 859 2742 jurarent,
895 2652 960 2742 ipsi
996 2650 1086 2721 falsa
1120 2674 1193 2723 esse

146 2767 314 2850 sciebant,
345 2769 498 2860 primum
533 2767 664 2836 ordinis
697 2767 809 2861 gradu
843 2765 1022 2859 pellantur
1056 2768 1094 2836 in
1125 2791 1192 2860 quo

145 2893 248 2960 sunt:
283 2882 411 2952 deiude
437 2883 627 2964 beneficiis,
653 2891 694 2951 ut
721 2891 858 2966 vocant,
885 2881 1133 2967 excludantur,
1158 2895 1194 2954 et

146 3023 217 3070 uon
238 2997 352 3069 solum
370 2998 599 3089 praesentibus
616 3008 770 3081 careant,
788 2999 975 3069 sedetiam
993 2999 1039 3069 ab
1057 2999 1100 3070 iis
1122 3022 1194 3070 om·

145 3116 260 3198 nibus,
282 3139 362 3207 quae
389 3116 482 3185 forte
507 3116 675 3207 consequi
703 3123 874 3208 poterant,
902 3126 1074 3208 perpetuo
1101 3138 1192 3186 sum·

146 3239 364 3302 moveantur.
422 3231 549 3302 Laicus
579 3233 638 3324 qui
670 3232 841 3301 fueritin
872 3232 1019 3302 crimine
1050 3232 1192 3325 perjurii

146 3347 337 3428 convictus,
364 3346 392 3415 si
420 3345 607 3416 facultates
627 3346 741 3439 judici
768 3346 983 3416 videbuntur
1008 3346 1078 3417 hoc
1104 3346 1193 3418 ferre

146 3485 258 3554 posse,
286 3464 408 3532 decem
440 3463 546 3533 libras
580 3465 616 3533 in
647 3466 772 3533 cistam
806 3462 964 3532 conferet
998 3486 1192 3556 paupemm

145 3582 221 3672 ejus
247 3579 325 3661 loci,
344 3581 465 3672 inquo
489 3581 681 3672 perjurium
700 3588 754 3650 est
772 3580 973 3661 admissum,
991 3588 1030 3650 et
1053 3579 1193 3673 publica

146 3696 363 3766 confessione
384 3721 500 3767 coram
524 3695 672 3767 ecclesia
694 3720 793 3767 suam
821 3695 886 3766 sibi
911 3694 1051 3787 eulpam
1076 3696 1193 3790 displi-

146 3836 226 3884 cere
240 3813 508 3883 contestabitur.
542 3812 580 3882 Si
593 3835 675 3883 vero
689 3814 739 3882 rei
754 3813 905 3882 convicti
921 3835 990 3882 nou
1004 3815 1076 3883 sint
1089 3821 1192 3884 tanta

146 3952 239 4021 opes,
268 3938 309 3999 nt
335 3929 469 3999 mulcta
498 3931 607 4022 possit
637 3930 680 3999 ad
713 3930 835 3999 decem
866 3928 972 3997 libras
999 3931 1190 4020 pervenire,

147 4055 223 4115 tum
253 4047 289 4114 in
324 4046 484 4117 ecolesiae
518 4056 709 4138 conspectu
744 4044 885 4137 publice
921 4045 1054 4114 crimen
1089 4068 1189 4115 suum

146 4172 322 4255 agnoscat,
341 4172 377 4231 et
401 4172 483 4232 ante
507 4173 712 4255 suggestum
737 4170 830 4232 astet
848 4162 964 4252 capite
982 4170 1019 4232 et
1045 4163 1188 4253 pedibus

619 4297 627 4341 ¹
645 4309 722 4355 sunt.
