2692 4800
432 310 481 361 ur.
505 280 846 362 aermnanonmus.
1098 296 1172 389 313Ι

165 568 244 655 (lap.
251 589 305 650 42.
331 570 406 649 Qua
419 576 607 635 mtaetoater
614 577 688 653 post
700 568 933 656 appellationem
947 581 1016 635 neat
1029 569 1136 636 irrita.

174 709 263 794 Qum
292 718 517 780 attentantur
549 720 674 780 contra
707 719 746 781 et
775 719 856 804 post
882 709 1171 804 appellationem,

123 824 197 894 sive
215 822 423 917 judicialem
453 824 528 893 sive
553 822 868 914 extrajudicialem,
887 831 969 893 sunt
995 822 1070 915 ipso
1089 823 1172 915 jum

123 938 233 1011 nulla.
286 938 412 1009 Potest
429 948 589 1009 attamen
600 940 725 1030 judex,
743 962 764 1009 a
782 962 852 1031 quo
869 939 1088 1032 appellatum
1106 950 1171 1021 est,

123 1058 243 1127 omnia
259 1080 302 1127 ea
319 1057 436 1126 facere
455 1055 636 1149 pendente
659 1055 908 1148 appellatione,
927 1081 1004 1149 quae
1028 1060 1072 1128 ad
1096 1060 1172 1151 ejus

123 1173 315 1243 faciliorem
335 1174 475 1242 exitum
493 1172 654 1241 tendant.

209 1397 286 1482 (lup.
297 1417 350 1481 43.
376 1398 452 1476 ane
466 1396 610 1461 innovata
619 1407 688 1480 poet
702 1396 936 1483 appellationem
949 1421 971 1463 a
977 1399 1086 1483 judice

287 1500 500 1586 appellationis
514 1501 649 1565 revocari
664 1498 798 1578 deleant,
815 1511 843 1565 et
856 1522 924 1587 quoe
937 1524 1008 1569 noo.

172 1636 346 1710 Innovata
364 1652 442 1732 post
458 1640 733 1733 appellationem
751 1664 773 1713 a
791 1641 980 1725 definitiva,
999 1652 1062 1713 aut
1078 1645 1172 1713 inter

122 1757 335 1827 sententiam
361 1766 399 1826 et
425 1756 708 1848 appellationem,
726 1767 811 1827 ante
832 1759 952 1829 omnia
973 1782 1034 1851 per
1052 1758 1171 1852 appel-

122 1872 263 1944 lationis
292 1872 452 1963 judicem
488 1873 642 1943 revocari
679 1873 819 1943 debent.
883 1873 1058 1945 Innovate
1086 1897 1170 1947 vero

121 1999 200 2082 post
217 1987 492 2082 appellationem
510 1990 554 2059 ab
572 1989 865 2081 interloquntoria
881 2014 944 2062 seu
956 1993 1168 2085 gravamine,

121 2106 236 2176 donec
262 2104 507 2198 appellationis
537 2129 677 2177 cansam
708 2131 825 2177 veram
856 2130 932 2179 esse
959 2110 1169 2192 constiterit,

121 2225 276 2294 revocari
302 2245 372 2293 non
395 2223 540 2313 debent,
559 2225 623 2294 nisi
645 2234 724 2316 post
748 2224 994 2295 inhibitionem
1015 2227 1074 2313 (ne
1091 2248 1170 2317 pro·

122 2341 265 2411 cederet
289 2341 325 2409 in
351 2340 469 2427 cansa)
488 2363 509 2409 a
530 2342 707 2432 superiore
731 2341 871 2438 factam,
893 2342 1036 2414 inferior
1054 2343 1170 2434 judex

120 2458 299 2549 processit.
353 2456 446 2526 Nam
472 2456 612 2525 irritum
637 2466 692 2528 est
718 2466 756 2527 et
779 2456 983 2539 invalidum,
1001 2458 1168 2551 quiequid

121 2576 238 2669 agitur
256 2582 335 2666 post
354 2572 612 2643 inhibitionem.

136 2798 212 2884 (lap.
223 2818 275 2879 44
301 2797 566 2880 Qemteonajoolee,
583 2820 604 2859 a
619 2820 677 2880 qno
691 2798 876 2881 appellatur,
891 2799 928 2863 de
941 2799 1157 2885 appellatione

427 2901 554 2984 postitio
565 2908 661 2985 potest
675 2924 852 2987 coqnoaceou.

170 3038 301 3121 ludex,
320 3061 341 3107 a
361 3060 431 3128 quo
454 3038 663 3130 opipellatnr,
690 3040 735 3109 de
761 3039 1006 3133 appellationis
1028 3041 1170 3132 justitia

122 3166 239 3250 potest
265 3176 490 3248 cognoscere,
514 3176 585 3246 quo
608 3177 684 3225 sese
707 3157 867 3238 instruat,
891 3180 937 3226 an
960 3156 1012 3226 illi
1039 3157 1085 3227 sit
1111 3157 1171 3226 de-

122 3272 329 3341 ferendum:
357 3279 566 3341 nouantem
590 3272 625 3340 in
648 3272 889 3364 praejudicinm
912 3272 1169 3366 appellationis.

123 3385 219 3457 Nam
237 3386 319 3458 hoc¹
339 3387 381 3458 ad
401 3388 560 3478 judicem
588 3390 754 3480 pertinet,
773 3389 817 3459 ad
841 3412 948 3481 quem
972 3400 1026 3460 est
1051 3388 1171 3482 appel-

123 3502 245 3574 latum.

172 3728 249 3813 (lap.
259 3748 311 3813 45.
340 3729 470 3798 Qreondo
477 3728 576 3811 jndae
590 3728 807 3815 appellationis
821 3752 945 3795 consano
960 3682 1060 3795 &latet
1075 3731 1120 3795 od

395 3833 574 3916 inferiorern
580 3832 720 3918 jadicem
735 3834 896 3898 remittere.

171 3960 320 4039 Inferior
349 3971 464 4062 judex
499 3973 640 4064 quando
674 3972 902 4066 appellationi
936 3996 957 4042 a
988 3973 1171 4044 definitiva

121 4087 267 4157 minime
292 4087 433 4170 detulit,
453 4089 560 4158 debet
584 4091 751 4182 superior,
770 4092 926 4160 vanitate
948 4114 1007 4159 seu
1037 4089 1173 4160 malitia

121 4207 262 4297 cognita
282 4205 389 4289 illins,
414 4208 660 4300 appellationis
685 4231 825 4279 causam
850 4209 894 4278 nd
923 4207 1022 4316 illurn
1051 4208 1172 4278 remit-

596 4344 606 4388 ¹
623 4348 693 4404 haec.
