2692 4800
488 314 536 364 nn
561 313 817 366 unumunurm.
1122 300 1195 374 137

150 469 339 562 sequentis.
391 467 430 539 si
459 492 542 540 vcro
569 469 707 564 longius
734 466 960 562 expectarit¹,
987 468 1198 541 excludatur

149 608 261 669 cansa,
279 585 348 657 nisi
364 585 460 656 forte
478 585 534 656 vel
557 587 670 657 aetatis
693 586 968 669 excusationem,
986 585 1041 657 vel
1060 586 1198 681 longin-

148 724 223 794 quae
244 699 550 794 peregrinationis,
566 709 609 771 ut
630 701 674 772 de
692 709 908 772 testamento
926 701 1012 771 nihil
1034 703 1195 787 audierit,

147 816 271 889 afferre
294 826 333 888 et
355 817 502 909 probare
526 819 647 910 possit.
699 816 777 888 Has
802 827 922 889 autem
950 820 1196 892 excusationes

147 933 198 1004 ita
221 931 388 1004 volumus
417 933 564 1017 definiri,
593 935 746 1028 primum
776 934 904 1027 quibus
934 944 1018 1006 actas
1048 945 1104 1006 est
1131 937 1198 1006 im·

147 1050 365 1144 pedimento,
399 1058 477 1121 tum
511 1051 655 1121 demum
691 1049 769 1122 iilos
806 1052 918 1122 audiri
954 1052 1080 1144 placet,
1114 1076 1196 1123 cum

146 1165 297 1261 grandes
330 1174 436 1237 eruut
469 1174 508 1238 et
540 1167 585 1238 ad
619 1167 795 1261 agendum
829 1170 969 1239 maturi.
1035 1168 1196 1240 Primum

147 1292 269 1354 autem
299 1284 418 1354 aetatis
451 1283 618 1378 legitimae
648 1280 809 1354 sumant²
836 1305 990 1356 aunum}
1025 1308 1131 1377 quem
1167 1285 1196 1356 si

148 1398 445 1492 pretermiserint,
466 1400 593 1494 agendi
604 1400 666 1492 jus
683 1400 883 1470 universum
903 1401 1080 1470 amittant.
1124 1401 1196 1485 Qui

148 1537 232 1586 vero
259 1538 357 1586 mare
387 1516 665 1597 transmiserunt,
692 1516 734 1585 iis
761 1524 841 1607 post
870 1517 1105 1587 reversionem
1132 1540 1196 1587 sex

147 1652 288 1702 menses
305 1629 550 1724 indulgemus:
577 1632 678 1723 cujus
695 1630 867 1701 beneficio
885 1633 1053 1723 temporis
1077 1633 1105 1704 si
1126 1656 1197 1702 non

148 1754 308 1831 utantur,
324 1745 395 1818 illis
411 1748 519 1818 etiam
536 1748 630 1818 actio
648 1746 746 1818 nulla
763 1746 993 1839 relinquetur.

187 1943 268 2029 Gap.
285 1960 315 2028 7.
343 1941 460 2015 Quibus
474 1943 566 2009 liceat
578 1944 627 2009 cel
638 1966 698 2010 uota
712 1945 803 2011 licoat
817 1946 1152 2033 testameotamsotera

198 2063 348 2152 Omnes,
377 2065 619 2159 cujuscunque
652 2088 758 2136 sexus
788 2066 844 2137 vel
875 2068 1087 2139 conditionis
1117 2068 1197 2151 sint,

147 2190 363 2275 potestatem
380 2181 563 2254 habebunt
577 2190 870 2253 testamentorum
888 2185 1198 2268 instituendorum,

148 2299 217 2370 uisi
230 2299 339 2370 fiterit
357 2299 392 2369 in
410 2298 465 2370 his
482 2298 626 2391 aliquid,
638 2300 731 2390 quod
746 2302 977 2392 praesentibus
994 2301 1048 2372 his
1061 2301 1198 2397 iegibus

148 2416 279 2487 nostris
299 2416 513 2486 adversetur.
567 2414 652 2486 Illos
673 2426 792 2486 autem
811 2417 982 2509 principio
1000 2441 1199 2489 summove·

149 2555 239 2614 mus,
265 2533 325 2624 qui
353 2532 407 2601 sui
424 2530 515 2623 juris
538 2554 610 2601 non
633 2542 725 2612 suut,
744 2531 860 2602 sedin
884 2533 999 2604 aliena
1020 2544 1198 2627 potestate

149 2649 366 2730 detinentur,
399 2645 522 2738 quales
563 2656 645 2718 sunt
686 2649 895 2719 nominatim
930 2673 1032 2733 uxor,
1066 2674 1198 2735 servus,

147 2764 251 2836 liberi
268 2763 421 2832 minores
440 2763 541 2832 annis
562 2763 841 2855 quatuordecim.
891 2764 1031 2835 Deinde
1050 2767 1198 2836 furiosos

146 2903 221 2951 non
238 2878 471 2961 admittimus,
484 2901 551 2949 nec
568 2887 689 2949 mente
703 2889 836 2972 captos,
849 2881 915 2950 nisi
930 2880 1021 2951 forte
1039 2882 1199 2952 sanitatis

147 2994 351 3089 hujusmodi
375 3003 536 3086 tempora
558 2995 720 3085 quaedam
744 2997 989 3081 intercurrant,
1010 2998 1048 3066 in
1071 2997 1199 3089 quibus

147 3113 286 3183 ratione
309 3133 364 3181 res
388 3133 468 3180 suaa
489 3112 663 3181 moderari
681 3122 838 3204 possunt.
891 3112 1093 3184 Arceantur
1109 3137 1199 3206 prae-

149 3240 250 3301 terea
265 3228 325 3319 qui
343 3250 408 3297 uec
426 3227 490 3296 fari
510 3228 574 3320 ipsi
593 3237 750 3321 possunt,
769 3253 834 3299 uec
852 3229 999 3300 aliorum
1019 3253 1198 3302 sermones

147 3345 359 3439 intelligere,
375 3367 442 3415 nec
459 3347 693 3438 cogitationes
710 3368 790 3417 suas
808 3346 919 3418 literis
935 3346 1114 3430 mandare,
1132 3348 1202 3428 nisi,

148 3463 296 3534 nutibus
320 3469 359 3533 et
389 3462 497 3556 signis
528 3471 674 3533 utantur
705 3472 780 3534 tam
805 3463 1030 3534 evidentibus
1058 3473 1096 3535 et
1121 3488 1200 3557 per-

148 3579 289 3673 spicuis,
306 3575 367 3648 nt³
381 3578 499 3650 idonei
518 3588 628 3650 testes
645 3579 759 3650 afferri
779 3581 912 3672 possint
929 3579 1071 3650 illorum
1089 3590 1199 3653 certae

149 3693 343 3764 voluntatis
366 3700 403 3762 ct
426 3691 633 3762 indubitatae
657 3693 855 3763 sententiae.
907 3693 1017 3763 Porro
1042 3716 1108 3763 nec
1130 3693 1199 3764 hae-

148 3811 269 3883 retiois
287 3818 579 3881 testamentorum
593 3809 796 3881 libertatem
814 3810 1049 3892 concedimus,
1063 3834 1129 3882 neo
1144 3811 1199 3882 his

148 3927 212 4021 qui
239 3927 363 3997 mortis
396 3926 452 3996 vel
487 3926 584 3996 exilii
612 3929 783 4019 perpetui,
811 3926 867 3996 vel
902 3928 1198 4019 sempiternorum

148 4043 371 4114 vinculorum
397 4045 610 4114 sententiam
637 4052 859 4137 accepemnt.
912 4044 1064 4114 Careant
1089 4044 1197 4114 etiam

146 4162 217 4233 hoc
236 4161 406 4233 beneficio
424 4164 484 4254 qui
503 4163 715 4233 concubinas
732 4172 815 4234 ante
833 4171 994 4233 extrema
1011 4185 1081 4232 non
1095 4163 1199 4233 dimi-

234 4332 242 4372 ¹
257 4333 399 4400 expectat.
651 4318 663 4356 ²
678 4333 800 4383 sument.
995 4317 1052 4380 3ιιῐ
1066 4342 1116 4380 om.
1210 4311 1213 4319 ’
