2692 4800
198 252 248 317 30
564 268 612 319 os
630 268 889 322 sncnuuarrrrs.
1270 272 1299 325 c.
1318 276 1338 323 r·

197 442 276 489 com
312 421 348 489 in
380 420 661 493 animisnostris
687 421 904 493 vimhabct.
956 422 1122 493 Primum
1153 423 1251 494 enim

197 535 322 606 horum
340 543 569 606 extemomm
593 538 749 630 sumptio
771 534 980 631 signorum¹,
998 547 1036 610 ct
1058 539 1253 611 attributa·

196 675 277 720 rum
295 653 435 744 proprie
458 650 528 721 illis
555 654 738 735 virtutum,
756 652 858 724 nohis
882 664 1101 747 recuperata
1126 654 1254 727 salutis

197 776 325 838 nostrae
342 768 496 861 pretium
515 770 550 838 in
570 768 778 839 memoriam
798 778 951 854 revocat,
961 779 1000 841 et
1013 771 1050 841 id
1067 780 1112 842 ut
1128 780 1255 865 aperte

197 885 427 977 profiteamur
443 884 563 956 efficit.
592 885 733 957 Deinde
749 887 856 957 iidem
874 887 971 956 acuit
988 895 1026 957 et
1043 887 1254 968 exsuscitat,

197 1010 235 1071 et
261 999 312 1070 illi
341 1003 449 1073 robur
473 1003 581 1073 addit.
634 1000 812 1073 Praeterea
835 1000 1009 1073 charitate
1032 1024 1100 1073 nos
1124 1012 1256 1076 mutua

197 1119 360 1200 conserit,
378 1119 469 1189 etin
487 1118 666 1189 mentibus
690 1118 817 1189 nostris
837 1119 907 1189 Dei
930 1119 1097 1189 timorem
1122 1117 1257 1191 diffun-

196 1234 261 1303 dit.
313 1234 499 1304 Postremo
523 1236 633 1305 vitam
659 1236 703 1305 ad
729 1235 900 1305 sinceram
924 1244 962 1305 ct
985 1234 1165 1329 integram
1188 1257 1256 1307 ex·

196 1350 367 1421 stimulat.
420 1350 479 1421 Ex
498 1350 567 1421 hoc
584 1374 714 1444 genere
731 1351 953 1422 circumcisio
970 1352 1094 1443 priscis
1111 1360 1257 1446 tempo-

196 1464 293 1535 ribus
317 1475 404 1535 erat.
458 1464 567 1537 Nunc
585 1466 781 1558 baptismus
807 1475 845 1537 st
870 1465 1084 1537 eucharistia
1109 1488 1254 1538 succes·

196 1597 331 1651 serunt.

336 1724 412 1811 Oap.
427 1744 455 1789 2.
477 1726 562 1806 Quid
574 1726 609 1791 in
625 1727 822 1791 Sacrcmcn
836 1724 1034 1813 querendam
1047 1724 1098 1791 tit.

259 1843 318 1915 Ad
346 1849 555 1917 sacramenti
581 1847 835 1941 perfectionem
862 1847 931 1918 tria
955 1869 1167 1919 concurrere
1188 1848 1259 1935 do-

199 1962 296 2032 bent.
348 1959 508 2031 Primum
540 1964 684 2033 evidens
714 1971 769 2031 est
799 1972 836 2032 et
866 1960 1012 2032 illustris
1043 1970 1143 2045 nota,
1173 1984 1258 2055 quse

198 2079 386 2149 manifest-e
412 2080 506 2149 cerni
530 2080 650 2171 possit.
701 2078 906 2171 Secundum
930 2086 986 2149 est
1007 2076 1079 2148 Dei
1101 2079 1306 2171 promis-15

199 2214 287 2274 sum,
299 2193 393 2285 quod
408 2200 557 2263 externo
570 2194 671 2287 siguo
683 2193 785 2264 nobis
802 2201 1077 2286 repraesentatur
1089 2201 1129 2263 et
1146 2192 1259 2287 plane

199 2308 436 2379 confirmatur.
488 2306 652 2378 Tertium
675 2317 730 2380 est
747 2309 817 2379 Dei
844 2318 1166 2402 praeceptumque
1191 2333 1260 2382 ne·

200 2424 343 2495 cessitas
361 2425 461 2496 uobis
477 2425 682 2518 imponitur,
700 2426 769 2497 ista
791 2427 921 2518 partim
938 2425 1102 2507 faciendi,
1119 2428 1258 2519 partim

200 2539 529 2612 commemorandi²t
548 2564 626 2633 quac
644 2543 805 2613 triacum
818 2542 1037 2613 authoritate
1050 2540 1260 2636 Scriptura·

201 2682 279 2728 rum
293 2660 328 2728 in
342 2658 526 2751 Baptismo
543 2658 656 2729 solum
675 2668 871 2742 occurrant,
882 2668 920 2729 et
933 2656 1170 2743 Eucharistio,
1186 2682 1258 2732 nos

201 2775 275 2844 haec
300 2776 370 2844 duc
394 2758 468 2845 sola
490 2799 552 2867 pro
577 2778 668 2845 veris
690 2784 728 2846 et
752 2776 899 2868 propriis
926 2774 1008 2844 novi
1040 2780 1258 2849 testamenti

201 2893 428 2962 sacramentis
447 2894 621 2985 ponimus.

460 3054 536 3140 Cap.
548 3074 580 3138 3.
600 3053 685 3133 Quid
697 3053 739 3118 sit
753 3053 945 3139 Baptismus.

264 3177 468 3270 Baptismus
492 3186 547 3247 est
572 3184 842 3259 sacramentum,
868 3199 939 3268 quo
964 3150 1120 3247 secunda
1144 3199 1260 3272 gene·

202 3295 291 3363 ratio
322 3303 440 3363 nost-ra
469 3294 570 3363 nohis
600 3301 748 3363 externa
773 3295 1000 3387 consiguatur
1024 3290 1145 3386 aquar³
1169 3317 1259 3366 eon·

202 3412 390 3503 spersione,
413 3411 586 3501 veniaque
611 3417 838 3502 peccatorum
864 3408 1079 3503 indulgetur,
1103 3418 1143 3480 et
1172 3409 1259 3504 Spi-

202 3527 291 3596 ritus
312 3528 424 3597 sancti
448 3528 560 3597 virtus
583 3527 790 3607 infunditur,
808 3526 1107 3617 quemadmodum
1126 3524 1256 3598 Divini

201 3642 381 3737 promissi⁴
398 3645 513 3715 verbis
539 3644 832 3737 corrrprehensum
851 3653 905 3712 est
923 3644 958 3712 in
977 3643 1155 3736 baptismo
1174 3666 1257 3737 pro-

200 3764 333 3856 positis,
352 3772 392 3831 ut
415 3764 565 3832 erectior
585 3764 620 3832 iu
642 3761 744 3832 nobis
767 3769 805 3831 et
828 3761 1019 3854 perfectior
1034 3769 1128 3831 esset
1152 3762 1253 3833 fides.

201 3879 296 3949 Dum
320 3890 439 3948 autem
468 3879 503 3947 in
525 3901 617 3970 aqua
642 3877 889 3970 demergimur,
907 3887 945 3947 et
966 3897 1085 3946 rursus
1108 3897 1155 3945 ex
1172 3874 1254 3946 ilia⁵

201 3996 425 4089 emergimus,
442 3994 574 4065 Christi
592 4018 686 4065 mors
704 3989 823 4064 nobis6
841 3993 995 4086 primum
1013 4001 1051 4063 et
1067 3991 1252 4084 sepultura

245 4157 252 4196 ¹
269 4153 415 4227 signorum
430 4172 480 4209 om.
640 4145 653 4184 ²
666 4150 870 4209 commorandi.
1031 4145 1047 4191 3
1060 4168 1141 4224 aquae
1157 4167 1208 4206 orn.

242 4248 255 4291 ⁴
271 4250 357 4307 divini
372 4249 503 4326 promissi
518 4267 569 4305 om.
748 4246 762 4289 ⁵
777 4247 841 4304 iilis.
1029 4244 1140 4304 trabis
1154 4265 1206 4305 orn.
