2692 4800
154 271 228 336 ala
429 286 478 335 nn
503 284 593 335 arms
618 282 925 335 oonnssrarronu.

151 441 192 509 lit
215 439 288 509 litis
314 439 538 521 contestatio,
556 459 674 529 neque
698 438 878 507 sententia
900 436 1025 520 fertur,
1046 438 1111 509 sed
1134 447 1206 511 tan.

152 563 229 624 tum
254 553 368 645 judex
397 576 457 623 reo
487 553 675 645 praecipere
709 552 828 634 debet,
857 561 900 622 ut
935 552 1031 624 intra
1065 563 1198 625 certum
1235 558 1240 572 '

151 679 303 763 tempus,
321 670 414 762 quod
434 669 606 751 debuerit,
625 668 812 761 persolvat.
862 667 902 738 Si
929 668 1008 760 quis
1033 668 1082 739 ad
1104 668 1200 742 libel·

152 783 227 855 lum
252 786 306 855 vel
329 786 586 878 adpetitiones
611 786 832 878 respondeat,
849 784 1101 878 praemittendo
1126 809 1201 880 pro-

152 903 390 985 testationem,
417 924 486 994 que
516 925 554 972 se
581 900 734 971 affirmat
759 924 822 993 per
849 899 928 971 illus
957 902 1201 993 responsiones

151 1017 188 1085 in
214 1018 332 1086 auimo
357 1039 429 1085 non
455 1016 593 1099 habere,
617 1025 658 1086 ut
684 1015 784 1085 litem
810 1022 1042 1097 contestetur,
1062 1016 1107 1088 lis
1132 1040 1200 1087 uon

149 1133 218 1202 erit
235 1141 442 1203 contestata.

264 1343 444 1408 Ooeteatetio
459 1342 525 1407 titia
540 1364 600 1407 oon
615 1343 744 1429 requirit
753 1344 950 1429 presentiam
963 1350 1091 1412 actoris.
1213 1363 1255 1408 ιο

196 1481 419 1554 contestatio
436 1483 509 1554 litis
530 1485 640 1554 etiam
656 1483 805 1554 absente
827 1491 949 1554 actore
969 1485 1047 1555 fieri
1070 1496 1201 1580 potest,

145 1599 251 1669 modo
283 1599 423 1669 libellus
449 1599 553 1670 datus
584 1596 658 1682 sitl,
686 1610 749 1669 aut
780 1600 971 1692 petitiones
1003 1601 1039 1671 in
1071 1604 1203 1698 scripta

147 1715 311 1796 redactae,
331 1737 417 1807 quas
434 1715 549 1806 judex
572 1738 632 1785 reo
654 1737 849 1807 proponere
865 1716 976 1808 possit
993 1717 1039 1787 ad
1057 1740 1202 1812 respon·

147 1830 303 1900 <lendum
331 1831 368 1900 in
389 1831 535 1922 judicio.
600 1829 695 1901 Nam
727 1831 756 1900 si
787 1840 955 1922 sequatur
980 1854 1200 1925 responsum,

148 1967 219 2036 quo
241 1945 298 2018 vel
320 1943 559 2017 affirmentur2
585 1945 641 2017 vel
664 1944 859 2039 negentur³
882 1947 1006 2039 petita,
1023 1949 1099 2022 sive
1121 1971 1201 2043 pro-

146 2063 338 2132 testatione
363 2062 469 2133 alieni
492 2062 600 2133 animi
618 2085 639 2132 a
656 2060 720 2131 lite
737 2061 980 2146 contestanda,
1000 2063 1043 2135 lis
1062 2065 1198 2158 (quam-

149 2179 201 2248 vis
219 2189 318 2248 actor
334 2179 440 2268 absit)
459 2179 527 2247 erit
544 2185 753 2248 contestata.

200 2294 242 2363 In
261 2295 496 2387 responsione,
515 2318 592 2386 quaa
609 2294 800 2385 requirit-ur
816 2296 859 2365 ad
879 2295 950 2366 litis
967 2296 1199 2393 contestatio-

147 2432 241 2494 nem,
259 2412 404 2480 minirne
428 2412 549 2494 refert,
571 2411 645 2481 sive
668 2432 732 2501 per
749 2411 855 2481 verba
875 2410 1109 2495 credulitatis,
1126 2413 1197 2485 sive

147 2551 210 2618 per
228 2528 334 2598 verba
351 2529 510 2599 veritatis
527 2529 781 2620 respondeatur
797 2552 819 2599 a
835 2552 905 2600 reo.

444 2741 543 2819 Quare
557 2740 616 2802 sit⁴
632 2738 694 2803 litas
710 2739 887 2803 contestatio.

196 2878 286 2949 Litis
304 2881 516 2949 contestatio
533 2881 569 2948 in
587 2881 700 2949 eausis
718 2880 848 2950 ideireo
866 2881 1034 2973 exigitur,
1054 2891 1096 2952 ut
1114 2881 1193 2951 inde

147 2995 280 3088 liquere
298 2997 420 3088 possit,
438 3019 598 3087 quaenam
624 2998 669 3066 sit
687 2996 781 3066 inter
798 2996 978 3089 litigantes
1002 2997 1047 3067 de
1069 2999 1194 3090 priuci-

145 3112 215 3204 pali
233 3114 376 3205 negotio
395 3114 642 3194 controversia,
665 3113 758 3203 quod
781 3113 848 3181 nisi
874 3113 987 3205 planis
1008 3122 1046 3183 et
1064 3115 1194 3207 perspi·

144 3230 219 3298 cuis
254 3228 369 3299 verbis
403 3252 485 3299 cum
519 3238 673 3320 petatur,
709 3239 787 3297 tum
823 3228 1087 3320 respondeatur,
1119 3229 1193 3300 lieri

144 3366 214 3411 non
235 3345 377 3436 poterit.
431 3344 518 3414 ldeo
540 3369 560 3414 a
580 3345 702 3435 judice
729 3366 851 3414 omnes
876 3343 1130 3437 ambiguitates
1155 3357 1190 3416 at

149 3458 383 3530 obscuritates
400 3460 484 3530 hino
502 3461 671 3529 removeri
691 3458 865 3529 volumus.

238 3673 321 3735 Beue
335 3673 370 3734 ie
385 3672 448 3735 litis
461 3673 667 3736 contestatione
682 3681 794 3735 cetere
809 3669 897 3735 dedit
911 3694 1098 3757 respersam.

195 3809 233 3880 si
260 3835 340 3882 reus
366 3814 410 3881 ad
439 3813 628 3904 petitiones
654 3811 884 3903 responderit,
910 3834 947 3882 se
973 3811 1052 3883 illas
1079 3837 1189 3905 neque

145 3927 259 4010 fateri,
278 3950 393 4020 neque
412 3951 550 4022 negare,
569 3929 734 4019 quoniam
753 3928 898 4020 perinde
916 3937 982 4013 est,
1000 3931 1088 4001 acsi
1106 3929 1187 3999 nihil

144 4045 391 4135 respondisset,
419 4043 461 4113 ad
498 4052 633 4114 eertum
663 4044 805 4135 aliquod
835 4068 1042 4136 responsum
1073 4046 1184 4140 urgeri

145 4159 262 4230 debet.

228 4293 353 4357 ¹sitom.
468 4303 657 4359 ²affirmetur.
768 4297 924 4377 ³negetur.
1039 4299 1107 4359 ⁴fit.
