2692 4800
190 275 254 337 aaa
573 271 847 337 1111111111.
922 359 925 365 ,

191 436 315 500 habebit,
331 436 359 491 in
379 455 435 510 quo
452 435 508 492 nisi
522 435 571 510 jus
590 455 672 492 snum
689 446 769 492 actor
784 442 980 512 prosequatur,
995 435 1114 493 omnino
1128 443 1194 511 post
1210 435 1239 491 in

188 534 295 610 judicio
309 552 367 589 non
381 533 527 590 consistat.

239 632 369 705 138,10.
392 630 574 687 exercitarint
602 629 669 688 MS.
685 631 842 687 exercitant

234 762 271 773 -
291 746 335 785 12.
356 727 467 801 vulgari
498 727 561 784 MS.
576 727 655 802 vulgi

239 845 303 901 139,
320 844 368 900 31.
391 825 464 881 hanc
492 822 628 880 MShoc

237 942 302 997 140,
321 940 365 995 23.
389 930 449 979 crat
476 920 542 978 MS.
558 922 612 978 erit

234 1052 353 1064 --
376 1019 459 1075 After
473 1018 673 1075 descensurum
701 1018 768 1076 MS.
783 1019 835 1076 has
848 1028 960 1078 tantum

233 1150 274 1161 -—
288 1119 338 1174 ult.
361 1116 532 1192 subjecimus
559 1114 627 1174 MS.
642 1116 823 1191 subjiciemus

214 1255 222 1280 ,
238 1233 303 1287 140,
321 1227 347 1290 7.
369 1232 491 1270 noverca
516 1213 585 1271 MS.
599 1214 688 1288 patris
702 1216 824 1290 conjuge

239 1331 304 1383 141,
323 1329 369 1369 20.
390 1319 486 1386 potest
514 1309 582 1367 MS.
597 1311 687 1385 possit

238 1427 305 1481 142,
323 1424 350 1480 7.
372 1390 504 1482 parentes
532 1406 601 1464 MS.
618 1415 713 1482 patres

234 1504 316 1560 -8.
339 1504 374 1559 iis
402 1502 468 1560 MS.
483 1502 529 1558 his

234 1635 275 1644 —
294 1601 339 1658 18.
361 1600 445 1658 After
459 1601 520 1657 baec
547 1601 613 1657 MS.
628 1601 680 1657 has
695 1602 872 1658 testamentis

241 1717 304 1772 143,
326 1717 371 1772 13.
396 1705 514 1755 utuntur
542 1696 608 1754 MS.
623 1699 722 1754 vivunt

240 1815 305 1869 144,
325 1811 369 1870 15.
392 1795 475 1851 After
488 1795 633 1869 proprium
648 1794 716 1852 MS.
731 1794 784 1852 bas
793 1796 841 1870 jus

235 1926 275 1938 —
293 1895 337 1951 16.
360 1894 528 1950 confirmare
555 1892 623 1950 MS.
638 1893 691 1949 bas
709 1893 904 1958 confirmandi,
920 1893 989 1950 with
1006 1893 1055 1950 the
1073 1894 1237 1970 following:

195 1999 421 2065 potestatemque
437 1990 610 2047 concedendi
625 2009 741 2047 snorum
755 1991 923 2065 scriptorum
938 1991 1111 2049 authoritate

240 2088 306 2160 146,
324 2106 350 2162 3.
373 2107 515 2163 quoquam
544 2087 611 2145 MS.
627 2107 738 2164 quoque

240 2201 306 2262 147,
324 2201 350 2258 7.
372 2187 503 2261 persequi
530 2185 599 2243 MS.
614 2186 748 2262 prosequi

236 2317 276 2327 -
296 2303 340 2341 12.
363 2284 501 2359 reperitur
528 2283 595 2341 MS.
611 2284 727 2359 reperiri
741 2291 835 2359 potest

237 2414 276 2424 —
296 2400 341 2456 19.
364 2382 433 2438 nihil
462 2379 530 2438 MS.
545 2400 603 2438 om.

237 2510 276 2521 —
293 2496 340 2553 25.
363 2479 527 2554 recolligere
555 2478 621 2536 MS.
638 2478 797 2554 intelligere

244 2595 307 2648 ¹49.
324 2593 352 2648 3.
375 2583 424 2631 aut
452 2575 520 2632 MS.
537 2583 566 2631 et

237 2705 277 2714 —
297 2688 341 2747 17.
363 2672 485 2747 primum
514 2671 581 2729 MS.
597 2692 653 2728 om.

243 2786 307 2846 15ο,
329 2790 373 2845 19.
400 2771 628 2844 fidejussionibus
656 2770 721 2827 MS.
738 2771 949 2845 fidejussoribus

245 2882 310 2943 152,
331 2886 375 2943 15.
399 2878 427 2924 et
443 2887 616 2943 quaecunque
645 2869 710 2925 MS.
725 2879 756 2925 ut
772 2888 943 2944 quaecunque

243 2984 309 3040 153,
326 2985 354 3040 3.
378 2967 558 3023 restituendae
588 2965 655 3023 MS.
672 2967 851 3023 instituendae

238 3097 274 3105 —
294 3067 323 3120 6.
346 3065 443 3121 vident
471 3064 538 3121 MS.
554 3065 665 3120 videtur

238 3163 343 3218 -16,
366 3163 553 3238 obligaverint
582 3161 647 3217 MS.
665 3161 877 3235 obsignaverint

244 3278 309 3333 155,
331 3278 375 3316 12.
399 3261 482 3316 After
497 3259 589 3315 scriba
603 3258 670 3314 MS.
687 3259 738 3314 has
753 3267 848 3314 tamen

246 3358 310 3430 156,
326 3389 366 3398 -
391 3357 425 3412 ln
447 3356 496 3412 the
518 3355 583 3411 MS.
603 3357 651 3412 the
673 3357 727 3412 five
750 3357 872 3412 sections
894 3357 985 3412 which
1007 3357 1101 3412 follow
1123 3367 1192 3413 next
1214 3357 1242 3412 in

199 3453 290 3517 order,
305 3454 359 3510 viz.
381 3455 423 3510 De
438 3454 528 3527 poenis
544 3454 749 3517 ecclesiasticis,
774 3455 816 3510 De
831 3455 1023 3528 suspensione,
1044 3455 1087 3510 De
1101 3456 1241 3511 fructuum

200 3550 367 3606 deductione
390 3554 451 3615 nc„
467 3552 510 3607 De
529 3552 731 3625 deprivatione,
755 3561 783 3607 et
805 3553 852 3608 De
874 3553 1176 3617 excommunicatione,
1197 3571 1242 3608 are

199 3648 334 3723 wanting.

245 3761 309 3818 177,
329 3764 374 3820 19.
402 3755 430 3801 et
447 3746 475 3800 in
495 3746 579 3818 hujus
595 3791 600 3803 .
614 3792 619 3801 .
635 3790 660 3802 ..
682 3745 870 3819 detestarique
890 3745 981 3801 added
998 3745 1035 3819 hy
1050 3745 1109 3809 Cr„
1130 3747 1242 3803 tandem

200 3860 291 3897 seems
312 3851 342 3897 to
362 3843 433 3899 have
447 3843 519 3900 been
540 3844 711 3899 substituted
729 3843 774 3898 for
793 3851 882 3907 tuum,
899 3843 992 3898 which
1013 3843 1037 3899 is
1056 3846 1189 3918 repeated
1208 3845 1243 3919 by

200 3939 319 3995 mistake
335 3940 363 3996 in
378 3942 426 3996 the
442 3941 507 3997 MS.

247 4038 310 4108 178,
327 4038 354 4091 6.
378 4038 497 4094 allatura
526 4039 592 4095 MS.
608 4039 720 4095 illatura

241 4166 281 4174 --
297 4153 343 4188 20.
367 4135 432 4190 MS.
453 4137 591 4191 immensa
612 4145 640 4191 et
660 4136 768 4191 infinita
791 4135 842 4190 Dei
860 4135 949 4192 Patris
969 4137 1161 4193 misericordia
1179 4155 1241 4210 pro-

202 4236 263 4299 pter
279 4227 423 4283 Christum
440 4230 644 4303 explicaremur

242 4356 281 4366 -
298 4344 345 4397 29·
368 4327 540 4383 miserabiles
568 4328 634 4383 MS.
650 4330 828 4386 admirabiles
