2692 4800
538 305 812 370 APPENDIX.
1134 308 1197 372 335

197 486 263 543 119,
282 484 327 540 19.
350 476 379 522 et
393 485 563 540 unoquoque
581 512 606 525 ..
622 512 647 526 ..
669 469 873 526 concionentur
886 471 985 528 erased
999 471 1027 527 in
1042 468 1110 528 MS.

200 581 263 628 ιιι,
286 563 330 620 De
343 562 477 620 Decimis.
520 565 554 620 ln
570 563 618 620 the
638 566 748 641 margin
763 567 788 623 is
802 567 860 624 this
879 576 945 625 uote
962 568 991 624 in
1006 568 1082 625 Cr.'s
1100 568 1196 626 bend:

152 661 221 716 This
245 661 268 716 is
296 659 418 717 finished
446 661 482 735 by
505 679 548 726 us,
572 662 623 717 but
651 670 728 719 must
751 663 787 720 be
811 683 947 722 overseen
969 665 1052 740 again
1078 665 1116 741 by
1142 665 1196 724 Dr.

154 757 287 813 Hsddon.

192 886 233 896 -
252 872 297 930 ¹9·
320 853 439 928 obligari
468 853 534 910 MS.
548 855 659 929 alligari

197 968 264 1022 124,
284 968 328 1025 ¹3·
351 951 555 1008 consuetudine
579 951 646 1009 MS.
662 952 860 1011 consuetudini

196 1064 262 1121 125,
279 1064 327 1103 22.
349 1048 486 1104 divisione
512 1047 580 1106 MS.
595 1048 750 1107 divulsione

196 1162 260 1221 125,
276 1163 325 1220 30.
358 1147 524 1222 Anglicanae
547 1192 572 1205 ..
588 1193 613 1205 ..
640 1148 853 1206 accommodata
888 1147 954 1206 MS.
977 1150 1059 1208 reads
1080 1151 1196 1208 thus·-

151 1245 330 1320 congoegnri.
343 1252 372 1301 et
385 1244 481 1302 libello
494 1244 598 1301 rituum
614 1245 740 1302 ecclesie
749 1245 918 1321 Anglicauae
927 1263 986 1303 nou
1000 1246 1195 1312 adversantur.

151 1341 355 1400 consuetudine
368 1342 505 1403 locorum.
520 1351 549 1399 et
562 1343 728 1418 prescripto
743 1344 978 1401 constitutionum
992 1363 1010 1401 ιι
1023 1344 1104 1402 nobis
1118 1345 1196 1420 prius

150 1440 187 1496 ad
201 1439 252 1496 has
266 1458 312 1496 res
326 1440 602 1496 accommodatarum

195 1554 260 1610 127,
276 1556 304 1612 5.
326 1537 472 1611 proficitur
499 1537 565 1594 MS.
581 1538 693 1612 proficit

192 1666 232 1675 -
250 1633 294 1690 18.
316 1633 373 1690 ullo
401 1633 469 1691 MS.
486 1633 534 1690 illo

196 1730 261 1796 128,
278 1749 324 1788 20.
346 1750 408 1805 quae
437 1729 503 1787 MS.
520 1749 602 1805 quam

190 1860 231 1871 -
248 1847 294 1885 22.
317 1848 365 1886 eas
392 1827 459 1886 MS.
475 1847 524 1885 eos

194 1961 262 2016 130,
277 1962 339 2017 cap.
354 1945 399 2001 18.
425 1942 494 1999 This
508 1942 626 2015 chapter
636 1960 694 1998 wss
708 1940 832 1998 inserted
845 1941 882 2017 by
895 1942 984 2008 Fons,
995 1942 1064 2000 with
1078 1944 1127 2003 the
1140 1945 1194 2004 fol-

150 2040 257 2115 lowing
270 2039 409 2114 marginal
423 2047 510 2096 note:
534 2039 599 2094 Hoc
616 2046 701 2113 caput
715 2039 743 2094 in
758 2037 855 2095 codice
870 2037 943 2096 Mat.
961 2039 1045 2097 Cant.
1059 2041 1195 2100 ret'ertum

150 2137 196 2194 hic
210 2137 346 2193 omissum
363 2137 463 2194 fuerat.

199 2252 329 2309 133,13.
379 2235 461 2292 Alter
488 2234 682 2309 relinquentur
709 2232 775 2291 MS.
806 2234 859 2292 has
887 2235 965 2293 what
994 2235 1116 2303 follows,
1145 2239 1196 2296 but

150 2333 267 2389 erased:
290 2341 319 2389 st
338 2331 449 2388 illorum
467 2332 552 2389 etiam
571 2332 625 2388 erit
644 2340 675 2388 ut
693 2331 828 2388 edituum
849 2332 907 2388 suis
928 2334 1126 2391 communibus
1144 2355 1194 2394 ex·

149 2429 243 2504 pensis
268 2437 436 2493 sustentent,
461 2428 540 2485 illum
565 2428 678 2504 quidem
700 2447 783 2502 quem
808 2429 935 2486 ecclesiae
961 2438 1057 2504 psstor
1081 2432 1116 2487 sd
1140 2433 1195 2490 hoc

148 2546 250 2583 munus
264 2536 360 2601 aptum
375 2526 557 2583 existimabit.
601 2525 656 2583 See
671 2544 764 2600 supra,
780 2546 806 2601 p.
816 2526 866 2601 96.

188 2655 227 2664 -
247 2624 291 2679 16.
313 2622 395 2678 Alter
415 2623 605 2698 invigilsbunt
631 2621 698 2680 MS.
713 2622 764 2679 hus
779 2622 855 2679 what
872 2622 992 2689 follows,
1007 2623 1059 2681 but
1072 2627 1192 2684 erased:

147 2719 264 2796 Syndici
286 2739 363 2784 vero,
379 2739 449 2794 quos
470 2720 624 2796 gordianos
643 2729 756 2783 vocent,
778 2720 1034 2778 ecclesiasticorum
1055 2723 1195 2782 bonorum

146 2819 197 2874 sibi
222 2819 394 2875 creditorum
419 2818 571 2893 quotannis
592 2818 732 2875 rationem
753 2816 883 2882 reddent,
904 2828 933 2874 ct
955 2821 1113 2877 communis
1133 2822 1196 2879 the·

147 2916 221 2972 sauri
247 2916 385 2991 reliquum
410 2917 553 2990 integrum
577 2925 606 2973 et
629 2915 767 2972 illibatum
789 2913 844 2971 illis
866 2915 989 2984 trsdent,
1011 2935 1131 2992 quorum
1152 2928 1196 2977 est

144 3014 273 3086 proxima
287 3013 439 3069 successio.
483 3013 539 3070 See
554 3032 648 3088 supra,
663 3033 691 3088 p.
704 3030 753 3088 97.

188 3143 228 3153 -—
245 3128 290 3168 20.
313 3129 371 3167 non
399 3111 464 3168 MS.
481 3130 538 3167 om.

192 3227 202 3262 ι
209 3226 258 3282 34,
276 3209 321 3265 28.
344 3216 461 3265 vocatur
488 3207 555 3266 MS.
570 3216 673 3265 vocent

185 3337 227 3346 —
242 3322 289 3381 29.
311 3314 392 3363 certo
419 3304 487 3363 MS.
502 3314 578 3362 certe

195 3418 259 3478 135,
274 3421 303 3476 3.
326 3403 491 3461 indicaverit
519 3402 586 3461 MS.
602 3403 719 3479 coeperit
728 3402 856 3478 judicare

189 3519 273 3572 -4.
297 3501 371 3558 illam
400 3500 467 3559 MS.
483 3501 563 3558 illum

189 3630 229 3641 -
246 3613 271 3673 7.
293 3599 361 3655 stari
388 3598 456 3656 MS.
472 3608 547 3655 stare

193 3710 259 3768 135,
278 3712 325 3766 23.
348 3694 431 3751 After
450 3703 592 3769 ponantur
607 3694 670 3750 MS.
686 3694 738 3750 has
753 3702 891 3767 quuntum
911 3692 1024 3767 quidem
1046 3695 1194 3753 commode

148 3791 209 3848 fieri
223 3801 317 3867 potest

188 3921 229 3932 -
246 3909 294 3964 24·
327 3888 412 3946 After
440 3889 583 3964 appellant
607 3887 674 3945 MS.
700 3886 752 3943 has
780 3897 812 3944 ut
840 3887 930 3962 major
957 3895 1194 3947 testamentorum

148 3985 304 4042 authoritas
319 3985 422 4042 existat
436 4008 442 4042 ε
466 3987 591 4060 quicum
605 3983 680 4041 forte
694 3982 768 4040 sumi
782 4002 840 4040 non
854 3991 974 4058 pomum

192 4097 257 4155 137,
273 4095 301 4157 5.
323 4081 409 4139 After
426 4083 517 4158 possit
544 4081 610 4139 MS.
625 4081 677 4138 has
692 4081 737 4137 vel
753 4080 962 4156 ignorationem
978 4080 1019 4138 rei
1037 4090 1127 4157 gestas
1142 4101 1194 4158 pro

148 4200 178 4237 se
193 4181 297 4257 alleget

188 4295 291 4352 —13.
323 4277 399 4335 llere
424 4277 493 4336 MS.
518 4278 608 4334 sdds:
643 4276 792 4353 Ignoratis
818 4274 932 4351 quidem
955 4272 1079 4351 ΜΠ
1137 4272 1145 4288 ’

148 4377 297 4452 aliquando
312 4377 335 4434 si
348 4377 446 4435 fraude
465 4385 552 4442 csret,
567 4375 679 4434 veniam
696 4381 971 4440 mentemmentdm
988 4368 1044 4431 ribi
1055 4282 1266 4520 ΠΨ
