2692 4800
146 280 194 347 84
527 293 576 343 ns
601 291 812 345 mncrrorm,

145 473 216 543 qua
241 446 342 542 quae¹
369 447 616 519 necessitatem
642 446 864 518 alienationis
888 443 1024 517 afferat.
1078 444 1189 517 Prima

145 578 223 638 tum
264 564 495 659 intelligetur,
530 585 610 635 cum
650 561 799 634 ecclesia
837 563 889 633 sic
927 561 1092 634 obruitur
1129 585 1190 634 are

145 682 272 767 alieno,
289 681 459 776 legitimis
482 689 524 749 ut
542 677 775 773 vectigalibus
799 679 926 750 annuis
948 701 988 751 se
1008 676 1105 772 ipaa²
1126 701 1193 750 sus-

145 808 285 870 tentare
316 820 388 869 non
418 797 549 890 possit:
587 795 729 877 deinde,
757 795 785 865 si
815 796 957 890 grandis
986 807 1025 866 et
1054 795 1193 867 evidens

145 915 282 988 utilitas
300 912 476 996 invitabit,
490 920 624 983 statum
644 908 756 982 enim³
768 911 997 984 ecclesiarum
1015 911 1193 982 meliorem

146 1033 222 1104 lieri
248 1031 352 1102 facile
377 1028 542 1123 patimur.
595 1025 754 1106 Pietatis,
769 1028 878 1099 etiam
902 1025 1070 1100 accedat⁴
1095 1028 1195 1100 tertia

145 1169 253 1218 causa
292 1145 553 1216 liberandorum
595 1141 667 1213 ex⁵
709 1144 880 1213 servitute
917 1141 1195 1214 Christianorum

146 1263 356 1358 populorum
384 1284 466 1332 cum
491 1260 528 1331 in
554 1267 770 1353 potestatem
802 1260 962 1332 hostium
989 1267 1121 1330 nostra
1149 1283 1198 1330 re-

146 1493 275 1565 ultima
300 1493 402 1576 ratio,
427 1514 510 1563 cum
544 1491 676 1584 aliquid
713 1491 900 1563 desecatur
928 1491 1134 1583 hujusmodi
1163 1493 1198 1562 in

148 1634 219 1704 qno
242 1609 470 1703 premebatur
493 1608 655 1680 Ecclesia
680 1609 799 1701 potius
823 1630 930 1700 quam
956 1608 1198 1701 adjuvabatur.

150 1726 282 1820 Neque
308 1737 428 1797 tamen
455 1748 510 1796 ex·
527 1726 582 1796 bis
607 1724 692 1818 ipsis
717 1725 830 1796 causis
854 1723 1108 1797 alienationem
1134 1724 1199 1796 Ec·

147 1843 262 1915 clesiae
292 1842 465 1913 bonomm
501 1840 601 1933 sequi
632 1838 761 1934 placet,
786 1840 853 1911 nisi
882 1841 1101 1912 sententiam
1129 1842 1200 1936 epi·

148 1982 274 2053 scopus
291 1981 391 2030 suam
409 1967 447 2028 et
465 1966 633 2050 patronus
650 1959 697 2029 ad
715 1953 817 2030 eam⁶
831 1958 1188 2031 accommodaverint

330 2120 407 2206 Oap.
422 2141 453 2202 4.
476 2120 577 2185 Poeoo
591 2129 697 2184 contro
712 2118 790 2204 lepos
805 2117 1022 2184 modum.

169 2302 172 2307 .
199 2234 350 2320 Quoties
374 2242 497 2305 autem
522 2233 748 2326 permutatio,
774 2232 917 2316 locatio,
944 2232 1000 2304 vel
1033 2232 1200 2305 alienatio

150 2348 322 2419 bonomm
342 2346 507 2418 Ecclesiae
527 2370 627 2418 secus
651 2347 850 2419 instituitur
866 2370 974 2442 quam
993 2348 1049 2421 his
1066 2348 1202 2445 legibus

85 2558 88 2564 4
150 2466 279 2536 nostris
304 2465 540 2534 constitutum
565 2473 632 2548 est,
649 2465 804 2558 primum
829 2466 923 2558 ipsas
947 2467 1201 2539 conventiones

150 2583 331 2653 universas
356 2581 400 2651 ad
428 2579 578 2650 nihilum
606 2583 762 2652 recidere
788 2580 959 2665 volumus,
978 2582 1109 2653 deinde
1132 2582 1201 2654 cle·

151 2699 243 2769 ricos
260 2697 352 2790 ipsos
369 2695 571 2788 hujusmodi
590 2695 864 2766 conventionem
882 2692 956 2765 ulla
973 2695 1112 2768 ratione
1128 2718 1252 2790 par-a

153 2814 277 2906 ticipes
294 2811 497 2883 sacerdotiis
514 2809 609 2881 suis⁷
626 2811 769 2883 excludi
788 2811 917 2904 placet.

483 3193 551 3263 nn
579 3190 880 3263 nnncnrorvn.
1012 3171 1022 3184 “

208 3370 435 3441 Electionum
464 3367 520 3437 vel
548 3369 584 3437 in
612 3368 828 3461 principibus
855 3368 1010 3439 ecclesiis
1038 3391 1127 3462 quas
1152 3392 1205 3440 ca·

156 3485 336 3559 thedrales
360 3494 499 3565 vocant,
519 3482 573 3552 vel
601 3484 637 3553 in
664 3484 822 3578 collegiis
852 3493 889 3555 et
916 3484 1204 3559 scholasticorum

157 3603 308 3676 coetibus
326 3601 584 3682 institutorum,
598 3623 737 3694 prorsus
755 3601 879 3672 eadem
897 3602 1050 3675 formula
1067 3604 1115 3676 sit
1131 3627 1205 3698 quae

158 3718 361 3791 domesticis
384 3716 602 3810 singulorum
624 3716 854 3812 collegiorum
878 3720 1052 3791 institutis
1076 3722 1207 3792 sancita

158 3848 222 3918 est,
253 3835 317 3905 nisi
353 3834 444 3905 forte
474 3836 663 3926 quicquam
696 3832 753 3904 in⁸
783 3833 852 3904 illis
883 3837 1089 3929 reperiatur,
1116 3839 1205 3932 quod

158 3950 357 4020 reformatur
393 3949 430 4017 in
464 3947 532 4018 hoc
567 3970 676 4041 regno
709 3957 831 4018 nostro
862 3948 1035 4042 religioni,
1064 3962 1129 4022 aut
1157 3951 1206 4020 his

160 4066 288 4136 nostris
306 4063 620 4134 constitutionibus
637 4063 883 4135 ecclesiasticis
902 4076 1089 4162 repugnet.

202 4203 213 4248 1
230 4207 358 4280 subjecta
371 4205 407 4262 sit
422 4204 515 4278 aliqua
529 4223 614 4260 causa
628 4224 700 4280 quer.
784 4202 798 4247 2
813 4205 944 4279 seipsum.
1028 4204 1043 4249 3
1057 4227 1186 4265 annuum.

202 4285 349 4345 ⁴accedit.
432 4285 499 4341 ⁵et.
583 4281 734 4343 licausam.
819 4284 970 4344 7suisom.
1053 4284 1173 4346 ⁸inorrr.
