2692 4800
224 303 297 366 322
565 316 613 364 nu
638 316 791 365 anaunia
816 315 930 366 rums.

128 475 162 543 83
224 468 326 540 Bona
342 470 429 539 fides
447 492 515 538 non
534 471 676 561 patitur,
694 478 735 538 ut
753 469 806 539 bis
824 469 919 540 idem
936 470 1114 564 exigatur.

128 593 162 658 84
225 584 344 669 Quum
363 585 447 676 quid
466 606 536 653 una
555 586 610 652 via
631 584 837 676 prohibetur
859 583 976 667 alicui,
993 586 1038 655 ad
1062 585 1100 655 id
1116 584 1187 656 alia
1203 607 1269 654 non

274 702 381 770 debet
399 701 550 770 admitti.

127 825 160 892 87
224 817 420 887 Infamibus
439 839 509 886 non
527 825 651 909 patent
667 827 780 909 portae
798 818 995 911 dignitatis.

127 945 161 996 88
224 934 260 1003 Is
283 932 478 1002 committit
501 932 537 1001 in
560 931 686 1026 legem,
707 935 766 1025 qui
791 933 879 1027 legis
903 934 1011 1006 verba
1033 933 1270 1026 complectens

273 1057 397 1118 eontra
413 1048 502 1141 legis
520 1048 645 1117 nititur
664 1047 895 1120 voluntatem.

223 1162 309 1232 Non
327 1163 495 1255 quiequid
507 1162 640 1253 judicis
655 1161 843 1255 potestati¹
862 1165 1093 1257 permittitur,
1104 1165 1197 1257 juris
1213 1185 1272 1234 no-

271 1279 426 1349 eessitati
445 1279 639 1370 subjicitur.

221 1394 279 1465 De
296 1418 365 1486 qua
388 1417 425 1464 re
448 1394 674 1487 cognoverit²
684 1396 809 1488 judex,
829 1396 873 1466 de
897 1420 940 1466 ea
957 1419 1100 1489 quoque
1121 1419 1272 1490 pronun-

272 1514 364 1582 ciare
382 1511 561 1604 cogendus
578 1522 644 1581 est.

223 1626 353 1697 Nullus
381 1628 635 1698 existimandus
669 1637 723 1697 est
753 1628 894 1712 dixisse,
925 1628 1020 1719 quod
1051 1651 1123 1699 non
1153 1639 1272 1700 mente

273 1744 368 1835 prius
386 1745 583 1835 agitaverit.

96 1859 124 1913 ff.
141 1877 188 1931 195
223 1856 471 1928 Pronuntiatio
495 1861 664 1929 sermonis
686 1861 723 1928 in
743 1882 830 1930 sexu
855 1860 1050 1931 masculino
1073 1862 1118 1932 ad
1136 1869 1271 1932 utrum-

273 1998 343 2065 que
361 1997 486 2044 sexum
503 1975 714 2068 plerumque
731 1978 931 2069 porrigitur.

85 2092 113 2144 ff.
127 2110 161 2163 43
176 2103 202 2146 0²
224 2092 315 2176 Quae
338 2094 422 2173 esui,
447 2094 560 2184 potui,
579 2092 763 2185 oultuique
787 2094 951 2185 corporis,
978 2117 1130 2187 quaeque
1153 2094 1198 2164 ad
1221 2095 1270 2162 vi·

122 2181 165 2229 ‘¹⁴‘
273 2208 427 2279 rendum
462 2208 662 2301 hujusmodi
697 2209 893 2281 necessaria
931 2220 1026 2292 sunt,
1062 2211 1273 2281 vestimenta

270 2346 409 2416 quoque
443 2333 481 2392 et
511 2334 714 2407 stramenta,
740 2333 778 2395 et
810 2333 939 2407 cetera,
969 2326 1097 2418 quibus
1132 2326 1271 2397 vivendi

271 2440 461 2510 ouraudive
495 2442 649 2532 corporis
682 2442 792 2510 nostri
827 2443 942 2534 gratia
976 2443 1122 2525 utimur,
1159 2442 1272 2512 vietus

273 2557 379 2626 verbo
398 2557 635 2625 eontinentur.

109 2685 137 2736 ff.
150 2699 182 2753 51
225 2669 402 2742 Parentis³
424 2672 661 2764 appellatione
684 2682 784 2763 pater
806 2696 892 2743 avus
915 2697 1065 2765 proavus
1088 2684 1126 2743 et
1151 2697 1271 2745 omnes

273 2789 467 2877 superiores
507 2789 761 2868 eontinentur;
804 2788 865 2856 sed
901 2801 938 2857 et
972 2797 1087 2858 mater
1121 2791 1200 2858 avia
1233 2800 1268 2858 et

274 2904 426 2994 proavia.

122 3046 173 3082 220
225 3020 433 3088 Liberorum
451 3020 688 3110 appellatione
711 3031 858 3111 nepotes
882 3030 919 3090 et
942 3032 1153 3112 pronepotes
1178 3030 1273 3091 cete-

274 3137 372 3226 rique
391 3138 449 3226 qui
468 3159 513 3204 ex
532 3137 586 3204 his
604 3137 831 3215 descendunt
850 3138 1088 3207 continentur.

122 3280 169 3317 201
228 3250 306 3319 Filii
326 3251 562 3343 appellatione
575 3251 679 3320 sicuti
697 3249 769 3319 lilia
787 3252 837 3320 ita
860 3261 897 3320 et
916 3276 1025 3344 nepos
1043 3252 1274 3344 eomprehen-

276 3366 381 3436 ditur.

104 3491 188 3557 Μ.
226 3481 421 3550 intestatus
456 3490 518 3559 est,
550 3503 618 3548 non
655 3489 795 3549 tantum
830 3484 889 3571 qui
916 3490 1171 3551 testamentum
1203 3504 1271 3549 non

275 3597 368 3677 facit,
387 3597 448 3665 sed
472 3597 579 3664 etiam
598 3597 636 3675 is,
656 3597 756 3687 cujus
779 3619 824 3665 ex
849 3606 1064 3667 testamento
1088 3595 1274 3665 haereditas

272 3710 389 3781 ‘adita4
408 3734 476 3780 non
496 3722 560 3779 est.

130 3853 161 3907 79
225 3826 401 3919 impensae
424 3827 630 3895 necessariae
658 3837 751 3910 sunt,
769 3852 846 3919 quae
870 3831 899 3898 si
923 3851 993 3896 non
1019 3828 1115 3910 fiant,
1135 3851 1190 3897 res
1212 3839 1273 3897 aut

273 3945 429 4035 peritura
463 3951 516 4011 est
546 3951 607 4010 aut
642 3943 798 4012 deterior
824 3945 908 4026 liet3
944 3942 1059 4024 utiles
1090 3967 1171 4035 quae
1198 3966 1271 4013 rem

273 4059 454 4128 meliorem
473 4059 629 4138 faciunt;
658 4057 899 4149 voluptuariae,
917 4081 996 4150 quae
1014 4061 1168 4150 speciem
1186 4063 1273 4131 dun-

273 4183 373 4241 taxat
391 4184 527 4241 ornant.

312 4314 317 4351 ¹
334 4329 484 4394 potestate.
571 4321 740 4397 2οοχςηονίῖ.
821 4322 992 4378 ³Parentes.
1075 4318 1196 4378 ⁴oedita.
