2692 4800
204 243 252 308 14
581 254 630 304 DE
655 254 877 307 HAERESIBUS·
1249 255 1337 309 0011·

202 412 304 484 finito
329 421 490 504 tempore
515 433 537 481 a
558 411 702 503 justitia
727 411 847 482 diviua
872 432 995 505 poenas
1019 411 1065 482 de
1092 409 1257 483 admissis

200 527 344 622 flagitiis
362 527 503 598 luerint.
552 526 624 599 Sed
641 550 740 599 sacra
757 526 942 621 Scriptura
957 529 1147 600 damnatos
1163 550 1258 623 saepe

200 644 409 736 pronunciat
423 644 458 713 in
472 640 678 736 perpetuos¹
694 644 870 715 cruciatus
883 652 921 714 et
932 652 1082 717 aeternae
1094 644 1258 717 flammas

200 760 422 853 praecipitari.

317 943 393 1030 Gap.
410 965 457 1011 11.
480 946 532 1009 Dc
545 946 722 1011 animorum
736 946 860 1012 1111911111
875 946 922 1012 ool
933 969 1043 1013 sommo
1055 957 1084 1013 11
1096 947 1136 1013 do

634 1051 858 1116 resurrectione.

251 1162 405 1247 Quidam
436 1164 544 1257 impie
575 1163 868 1259 philosophantur
900 1166 1036 1238 animas
1066 1165 1258 1237 hominum

199 1303 247 1350 911
264 1280 331 1351 hac
350 1282 422 1352 vita
438 1281 680 1376 migrantium,
696 1281 837 1373 quando
854 1281 965 1353 11911191
984 1305 1029 1353 ex
1048 1281 1259 1375 corporibus

200 1406 441 1481 excesserunt,
458 1421 570 1490 rusque
591 1399 636 1468 ad
659 1420 865 1494 supremum
887 1397 1004 1469 ultimi
1016 1399 1144 1491 judicii
1162 1414 1258 1470 tem·

201 1537 268 1607 pus
297 1513 354 1585 191
380 1537 504 1585 somno
530 1513 673 1597 involvi,
696 1513 754 1584 vel
781 1537 921 1607 prorsus
949 1515 994 1586 ad
1020 1514 1175 1586 nihilum
1201 1538 1259 1587 re·

201 1632 344 1716 cidere;
376 1641 455 1702 tum
480 1641 601 1704 autem
627 1655 709 1702 cum
741 1633 894 1703 extremi
918 1631 1045 1724 judicii
1071 1632 1148 1703 dies
1174 1632 1257 1716 erit,

201 1746 280 1819 illas
305 1771 425 1820 mrsus
450 1746 506 1818 191
532 1771 554 1818 a
579 1770 703 1818 somno
728 1748 887 1830 excitari,
914 1746 970 1818 vel
997 1770 1077 1818 oum
1106 1749 1259 1842 propriis

201 1864 406 1957 corporibus
423 1864 468 1935 ab
485 1864 632 1934 interitu
650 1886 843 1958 resurgere.
878 1862 1008 1933 Affinis
1025 1871 1080 1934 est
1096 1863 1141 1935 iis
1157 1886 1259 1935 error

203 1979 247 2050 de
261 1981 516 2052 resurrectione
529 2003 635 2072 quam
650 1979 755 2050 multi
769 1983 865 2072 (cum
874 1977 1095 2073 Hymenaeo²
1106 2002 1258 2051 consen·

203 2097 334 2168 tientes
363 2105 401 2167 et
432 2095 591 2191 Phileto)
617 2096 813 2189 perfectam
841 2096 918 2187 jam
953 2118 1029 2167 esse
1060 2096 1189 2168 dicunt
1216 2108 1258 2168 91

203 2213 428 2296 conclusam
462 2213 545 2306 quia
579 2213 693 2284 solum
723 2213 832 2284 debet
861 2213 907 2283 ad
941 2212 1098 2283 animum
1129 2212 1256 2285 referri

203 2352 309 2423 quem
340 2328 500 2400 Christus
527 2329 651 2423 (affusa
684 2330 786 2401 nobis
819 2330 992 2401 beneficio
1022 2353 1098 2401 suae
1127 2332 1257 2403 mortis

202 2445 329 2541 gratia)
348 2469 487 2539 prorsus
503 2470 549 2517 ex
566 2456 681 2517 morte
700 2455 925 2539 peccatorum
943 2446 1128 2517 excitavit.
1181 2446 1254 2519 Sed

203 2563 278 2634 hoeo
300 2562 442 2633 illorum
465 2563 616 2655 abrupta
639 2571 694 2632 est
720 2572 758 2633 et
782 2573 883 2634 curta
906 2564 1075 2634 doctrina.
1118 2561 1257 2647 Quem·

203 2681 394 2752 admodum
429 2681 523 2751 enim
558 2681 632 2772 ipse
665 2679 771 2750 Jesus
810 2678 973 2750 Christus
1006 2701 1028 2749 a
1062 2688 1180 2751 morte
1209 2681 1256 2752 ad

204 2800 314 2869 vitam
332 2821 477 2890 corpore
494 2798 642 2891 integro,
657 2820 740 2867 1919
754 2807 791 2867 91
810 2796 967 2890 perfecto
984 2805 1173 2868 revocatus
1190 2808 1255 2881 est,

205 2939 270 2986 neo
296 2916 372 3007 ejus
397 2915 538 2986 interim
565 2915 703 2984 animus
726 2925 789 2984 aut
814 2914 949 2984 interiit
974 2923 1037 2983 aut
1064 2914 1255 2996 dormivit3

203 3034 256 3103 ita
288 3055 351 3102 nos
381 3031 442 3125 qui
476 3030 635 3101 membra
669 3052 790 3100 sumus
819 3030 951 3100 Christi
985 3040 1066 3122 post
1099 3042 1257 3103 mortem

204 3149 347 3241 quidem
373 3149 492 3219 animo
518 3145 677 3228 vivimus,
701 3155 809 3238 caput
835 3170 917 3217 1919
944 3155 1104 3217 nostrum
1130 3149 1257 3233 secuti,

205 3288 286 3335 cum
300 3264 425 3335 animis
438 3272 476 3335 91
489 3263 692 3355 corporibus
705 3263 750 3333 ad
764 3273 965 3336 extremum
980 3262 1066 3334 illud
1075 3264 1255 3355 judicium

205 3403 465 3474 consurgemus.

492 3601 569 3686 Cap.
583 3620 631 3685 13.
656 3602 705 3664 Dc
718 3599 957 3687 mupistrutr'duo.

255 3724 352 3809 Quin
375 3734 413 3794 et
430 3723 745 3816 Anabaptistarum
769 3721 1006 3816 profligandus
1030 3731 1085 3793 est
1104 3725 1256 3818 agrestis

205 3849 336 3933 stupor,
366 3839 427 3931 qui
461 3849 593 3934 negant
626 3840 734 3910 licere
763 3839 971 3911 Christianis
1004 3839 1255 3934 magistratum

204 3979 336 4051 gerere,
351 3957 448 4049 quasi
466 3966 653 4050 propterea
666 3957 827 4029 Christus
844 3955 880 4025 in
894 3963 1004 4026 terras
1018 3954 1253 4040 descenderit,

207 4088 247 4147 ut
280 4099 397 4149 rerum
432 4075 652 4169 publicarum
686 4070 1048 4146 1111111111191191191191113
1081 4075 1251 4148 aboleret.

250 4264 473 4343 lirnperpetuos.
605 4263 776 4342 2hymaen0.
910 4261 1211 4324 ³admiuistrationes.
