2692 4800
174 293 222 364 36
489 316 538 367 un
563 316 910 370 couc10mr01uaus.

172 468 343 558 pietatem
360 467 406 538 ad
424 466 524 536 iilum
543 468 673 550 locum,
685 478 723 538 et
741 471 1012 540 convenientem
1023 470 1219 541 doctrinam

173 605 293 653 secum
307 583 453 652 adferat.
480 582 585 667 Quod
602 592 642 653 ut
654 584 781 654 melius
798 584 877 656 sciri
895 584 1017 677 possit,
1033 583 1219 676 praesulum

171 697 423 768 authoritatem
431 699 744 769 adconcionatores
755 701 790 768 in
799 695 1218 791 Ecclesiisdisponendos¹

171 815 390 885 intercedere
409 814 581 884 volumus.
636 813 716 886 Nec
734 815 797 885 ulli
822 816 1064 908 permittimus
1087 825 1131 886 ut
1155 816 1219 888 hoc

171 931 400 1000 concionandi
419 954 547 999 munus
570 933 747 1023 suscipiat,
765 943 828 1002 aut
851 933 887 1001 in
906 955 949 1002 eo
966 954 1004 1002 se
1021 932 1099 1026 ipse
1115 932 1220 1003 collo-

170 1056 238 1127 cet,
262 1048 326 1115 nisi
351 1045 511 1139 legitima
536 1054 712 1137 potestate
738 1069 860 1117 eornm
888 1070 1036 1140 quorum
1064 1050 1220 1130 interest,

171 1164 277 1233 fuerit
300 1164 344 1232 ad
368 1161 457 1231 illud
478 1162 680 1232 advocatus.
733 1162 775 1231 Iu
793 1185 863 1253 quo
886 1170 1023 1232 tantam
1042 1163 1222 1256 episcopo·

169 1300 248 1347 rum
266 1277 487 1370 diligentiam
508 1300 585 1347 esse
603 1276 776 1360 volumus,
794 1289 836 1346 nt
853 1285 988 1348 temere
1010 1300 1081 1347 non
1101 1299 1222 1347 omnes

169 1394 363 1466 adsciscant
386 1395 585 1486 quicunque
608 1390 667 1463 se²
683 1394 817 1486 Spiritu
832 1393 901 1463 Dei
916 1394 1057 1485 jactant
1074 1392 1220 1475 afflatos

169 1512 229 1582 sed
249 1510 390 1581 illorum
407 1513 515 1581 vitam
541 1521 578 1581 et
595 1510 829 1580 eruditionem
848 1509 1072 1580 considerent
1089 1518 1130 1579 et
1146 1533 1222 1603 per-

170 1626 338 1718 pendant,
356 1638 397 1695 ut
415 1649 460 1695 ex
479 1649 521 1695 eo
540 1628 702 1719 cognosci
721 1627 832 1718 possit
855 1649 899 1696 an
919 1625 1059 1696 illorum
1079 1627 1222 1718 spiritus

170 1765 192 1812 a
210 1741 288 1811 Deo
307 1742 584 1833 proficiscantur.

203 1938 280 2024 Oap.
299 1957 327 2002 2.
354 1937 618 2004 Ooacionatoribus
632 1961 748 2004 errores
764 1961 823 2004 esse
838 1937 995 2017 cavendos,
1010 1947 1040 2002 ct
1052 1959 1194 2003 errorum

645 2042 744 2108 libros.

220 2156 358 2240 Quibus
384 2179 468 2226 vcro
494 2157 724 2228 concionandi
753 2166 909 2250 potestas
940 2158 1159 2239 conceditur,
1185 2157 1219 2227 hi

170 2273 400 2344 vehementer
423 2275 616 2367 advigilare
639 2275 783 2357 debent,
809 2298 854 2345 ue
878 2273 935 2345 vel
959 2296 1093 2344 errores
1115 2274 1221 2346 disse·
1311 2312 1321 2324 ·

169 2391 306 2461 minent
324 2392 359 2460 in
379 2390 549 2475 Ecclesia,
564 2391 620 2461 vel
639 2391 782 2462 inutiles
800 2393 1019 2483 quaestiones,
1036 2390 1220 2462 hominnm
1299 2440 1325 2453 -

169 2508 314 2576 inventa
331 2514 368 2576 et
392 2518 606 2590 commenta,
624 2531 727 2578 voces
751 2530 869 2589 novas,
887 2516 950 2577 ant
969 2505 1045 2578 ulla
1068 2508 1219 2600 denique
1297 2526 1326 2565 ε

171 2624 463 2715 superstitionum
498 2626 698 2696 fermenta:
743 2627 953 2695 nominatim
992 2635 1116 2695 autem
1157 2648 1220 2697 nec
1274 2640 1330 2685 z

168 2738 485 2833 Anabaptistarum
525 2742 664 2812 libellos
703 2742 921 2812 authoritate
961 2736 1107 2834 publica
1144 2752 1219 2813 toto
1279 2757 1329 2799 ⁴

169 2856 353 2928 damnatos
377 2860 412 2928 in
438 2868 556 2928 nostro
582 2882 700 2952 reguo,
719 2881 785 2928 nec
813 2857 961 2928 aliorum
983 2881 1220 2950 quorumcun·
1262 2888 1330 2910 -·

169 2996 237 3064 que
256 2998 342 3066 quos
360 2977 524 3046 sectarios
543 2986 681 3058 vocant,
699 2974 754 3044 vel
771 2976 846 3066 jam
866 2973 1012 3067 explosa
1027 2972 1218 3059 volumina,
1270 3016 1326 3046 α

169 3090 224 3160 vei
243 3115 321 3183 quac
338 3092 485 3183 posthac
503 3092 747 3186 explodantur,
767 3101 829 3162 aut
848 3091 921 3161 ulio
938 3091 1045 3160 modo
1059 3092 1217 3174 doceant,
1263 3133 1322 3163 a

168 3214 231 3275 aut
261 3207 412 3288 tradant,
438 3218 501 3277 aut
530 3207 670 3278 illorum
699 3209 843 3277 nomina
868 3205 1060 3298 proferant,
1085 3207 1132 3276 ad
1158 3206 1218 3277 ali·
1257 3225 1346 3264 -1

169 3320 294 3413 quam3
311 3321 405 3393 iilius
429 3325 597 3394 doctrinae
621 3334 759 3416 partem
784 3323 1070 3405 confirmandam,
1089 3324 1135 3393 de
1152 3346 1218 3416 qua
1239 3338 1313 3385 -1

169 3438 310 3530 publice
328 3438 612 3511 concionantur·⁴.

238 3635 316 3721 Cap.
333 3656 363 3720 3.
389 3637 638 3700 Ooucicaotorrcm
653 3658 747 3700 mores
761 3646 788 3699 ct
803 3634 949 3698 doctrdrroe
964 3634 1067 3718 quales
1082 3656 1149 3699 esse

628 3737 760 3802 (dedecet.

220 3852 263 3922 Iu
281 3854 596 3934 concionatoribus,
616 3855 697 3922 vitae
720 3853 907 3946 magistris,
926 3850 1129 3943 hujusmodi
1147 3852 1254 3946 pla·-

169 3966 329 4038 cabiiitas
369 3979 405 4038 et
444 3970 619 4039 modestia
658 3969 766 4038 debet
804 3969 927 4049 inesse,
962 3991 1144 4061 uunquam
1177 3978 1230 4038 ut

169 4084 294 4154 acerbe
326 4086 543 4154 contendant
570 4084 689 4154 ⁵inter
721 4107 767 4166 se,
795 4106 860 4152 uec
890 4082 979 4153 alter
1005 4084 1042 4152 iu
1067 4083 1230 4154 alterum

253 4246 259 4283 ¹
277 4250 468 4327 disporoendis.
642 4253 711 4308 ado.
883 4258 896 4295 ³
911 4258 959 4305 aut
974 4258 1137 4324 antequam.

370 4329 383 4366 ⁴
398 4333 589 4389 concionatur.
836 4342 848 4379 t
864 4349 915 4387 nec
930 4331 1014 4387 inter.
