2692 4800
143 256 191 323 54
529 270 812 322 nnsnunrnaus
1185 267 1270 320 cre·

227 456 304 543 (inp.
324 475 374 521 10.
402 456 585 522 Inimicitioe
599 454 749 542 capitulas
763 451 929 521 diwrtium
943 451 1105 518 amount

196 577 297 648 Inter
313 578 481 673 conjuges
505 579 534 649 si
552 576 721 670 capitales
739 576 962 647 intercedant
984 574 1190 656 inimicitia,

143 703 290 785 tamque
307 695 537 767 vehementer
554 694 759 775 exarserint,
776 701 818 763 ut
838 691 930 763 alter
951 690 1107 762 alterum
1132 699 1192 762 aut

145 809 278 879 insidiis
300 818 363 880 aut
388 809 529 880 venenis
552 817 707 902 appetat,
723 816 786 879 aut
809 807 927 901 aliqua
943 806 1000 878 vel
1021 816 1145 901 aperta
1159 808 1193 878 ri

146 924 204 995 vel
226 925 367 997 occulta
392 935 492 1019 peste
519 927 629 995 vitam
653 924 741 995 velit
765 924 912 1017 eripere,
934 924 1193 1019 quamprimum

146 1052 220 1113 tam
238 1043 405 1115 horribile
426 1043 558 1127 crimen
576 1044 643 1114 n'te
665 1044 701 1112 in
719 1043 856 1135 judicio
872 1043 1061 1135 probatum
1078 1043 1195 1130 firerit,

147 1158 298 1230 divortio
316 1158 479 1230 volumus
495 1159 696 1252 hujusmodi
714 1181 879 1252 personas
897 1157 1054 1230 distrahi.
1080 1158 1196 1253 Majo-

147 1297 223 1345 rem
240 1276 336 1345 enim
359 1275 501 1368 conjugi
527 1274 613 1345 facit
637 1275 800 1367 injuriam
823 1297 981 1367 persona,
999 1298 1082 1369 quae
1108 1275 1197 1346 salu·

147 1400 224 1462 tem
247 1400 285 1462 et
306 1393 416 1463 vitam
439 1398 631 1483 oppugnat,
649 1412 754 1482 quam
779 1411 822 1460 ea
844 1413 920 1483 quae
937 1413 984 1460 ex
1007 1398 1196 1461 eonsuetu-

149 1507 232 1576 dine
255 1528 293 1575 se
316 1506 475 1598 conjugis
500 1504 635 1587 eximit,
654 1513 717 1574 aut
740 1506 895 1597 corporis
911 1506 964 1576 sui
982 1512 1197 1597 potestatem

149 1618 251 1691 alteri
275 1621 370 1690 facit.
423 1619 502 1689 Nec
524 1621 618 1689 inter
642 1618 721 1689 illos
744 1618 855 1689 ullum
880 1620 1098 1690 consortium
1123 1641 1199 1690 esse

149 1745 278 1830 potest,
303 1737 397 1807 inter
418 1759 506 1829 quos
532 1735 684 1828 capitale
708 1735 906 1829 periculum
924 1736 1072 1830 cogitari
1091 1737 1199 1830 coepit

150 1861 189 1923 et
213 1854 337 1924 metui.
389 1853 482 1924 Cum
505 1854 616 1947 igitur
631 1875 704 1922 una
726 1875 796 1923 non
819 1854 976 1945 possint¹
996 1875 1082 1935 esse,
1093 1853 1199 1946 juxta

150 1966 253 2039 Pauli
271 1968 467 2039 doctrinam
486 1965 771 2038 matrimonium²
788 1968 930 2039 dissolvi
947 1992 1011 2062 par
1026 1978 1095 2040 est.

212 2165 290 2250 Gap.
310 2185 358 2229 11.
386 2165 486 2230 Mala
500 2165 694 2229 tractationis
707 2163 821 2229 crimen
837 2164 960 2230 tunm
972 2162 1140 2229 dimrtium

612 2266 743 2331 inducit.

202 2389 241 2460 Si
260 2390 313 2458 vir
329 2390 367 2459 in
385 2412 533 2459 uxorem
553 2391 684 2472 saeviat,
709 2398 747 2459 et
771 2387 1002 2459 acerbitatem
1028 2389 1065 2458 iu
1092 2412 1136 2459 ea
1151 2388 1201 2459 ni·

151 2503 287 2576 miam³
312 2506 488 2575 factorum
509 2514 546 2574 et
569 2506 755 2575 verborum
783 2512 979 2597 expromat,
1008 2528 1116 2597 quam
1142 2506 1202 2575 diu

152 2644 231 2714 apes
249 2620 321 2691 ulla
337 2620 586 2714 placabilitatis
604 2631 668 2704 est,
685 2643 767 2691 cum
785 2622 847 2690 illo
858 2621 971 2712 judex
992 2621 1203 2692 ecclesiasti·

153 2762 215 2810 cus
232 2747 325 2831 agat,
338 2738 483 2808 nimiam
496 2737 663 2807 ferociam
675 2736 878 2829 objurgans;
896 2744 933 2806 et
950 2738 979 2805 si
996 2760 1068 2806 non
1085 2745 1203 2830 potest

153 2854 298 2924 monitis
328 2864 367 2923 et
390 2853 650 2924 hortationibus
677 2854 808 2946 profici,
837 2853 1042 2945 pignoribus
1065 2853 1201 2933 oblatis,

153 2977 216 3038 aut
234 2969 495 3059 fidejussoribus
520 2971 684 3060 acceptis,
703 2992 783 3039 eum
805 2991 929 3040 cavere
950 2969 1143 3063 compellat
1159 2972 1203 3041 de

154 3081 252 3153 nulla
269 3082 497 3154 vehemente⁴
516 3085 656 3179 conjugi
675 3084 857 3155 inferenda
875 3085 1011 3178 injuria,
1026 3095 1065 3156 et
1081 3087 1128 3156 de
1144 3085 1204 3156 illa

154 3199 339 3269 tractanda
352 3201 527 3292 quomodo
546 3201 760 3271 matrimonii
778 3201 905 3271 intima
921 3203 1125 3295 conjunctio
1142 3226 1205 3295 po-

155 3315 275 3387 stulat.
328 3315 431 3400 Quod
451 3318 481 3386 si
498 3341 543 3388 ne
560 3319 765 3412 pignoribus
784 3320 927 3411 quidem
945 3327 1008 3389 aut
1024 3319 1204 3411 fidejusso-

155 3433 251 3504 ribus
276 3434 430 3503 coerceri
457 3442 576 3525 potest
597 3436 754 3517 maritus,
778 3457 845 3505 nec
870 3436 1099 3527 asperitatem
1118 3435 1204 3505 velit

156 3549 357 3620 istomodo
386 3549 571 3641 deponere,
596 3558 672 3619 turn
703 3549 890 3642 capitalem
918 3549 1019 3618 illum
1046 3552 1204 3645 conjugis

155 3666 338 3734 inimicum
373 3687 449 3735 esse
481 3666 757 3736 existimandum
792 3675 857 3747 est,
892 3674 930 3735 et
964 3664 1060 3735 illius
1094 3668 1204 3737 vitam

155 3781 333 3851 infestare.
385 3780 610 3874 Quapropter
637 3782 778 3851 divortii
806 3783 964 3852 remedio
990 3782 1204 3874 periclitanti

157 3897 430 3966 succurrendum
445 3898 522 3979 erit,
537 3919 606 3965 non
625 3897 741 3967 minus
757 3918 863 3989 quam
882 3898 910 3967 si
929 3897 1001 3966 vita
1018 3899 1204 3969 manifeste

158 4010 282 4082 fuisset
299 4022 511 4104 oppugnata.
540 4012 620 4082 Nec
638 4022 758 4084 tamen
777 4022 944 4107 praterea
954 4013 1044 4105 juris
1062 4013 1205 4109 dempta

241 4169 248 4208 ¹
265 4187 321 4224 una
336 4177 465 4242 possunt.
821 4162 834 4201 ²
848 4170 1059 4228 matrimonium
1075 4192 1126 4229 om.

240 4243 252 4283 ³
266 4249 361 4306 nimia.
825 4245 837 4282 ⁴
851 4250 1022 4310 vehementi.
