2692 4800
177 265 249 330 100
383 280 432 329 on
456 279 625 331 accusem
650 280 696 330 m
720 280 906 331 umrsrms
929 280 1027 343 arus,

174 443 304 513 cationi
321 442 417 512 verbi
430 453 467 513 et
481 442 698 513 orationibus
716 466 778 535 pro
792 442 956 515 Ecclesia
967 444 1013 515 ad
1030 440 1220 516 Dominum

174 557 362 652 diligenter
378 557 596 628 incumbant.
649 557 783 629 Nullus
805 581 931 652 expers
947 560 1106 653 conjugii
1123 560 1221 632 muli·

174 694 270 742 erem
294 672 479 766 sexaginta
502 673 602 743 annis
620 683 708 743 natu
726 674 898 744 minorem
917 673 955 742 in
972 673 1112 744 aedibus
1133 675 1221 746 sinat

174 788 349 870 diversari,
367 789 434 859 nisi
460 788 506 858 sit
532 788 608 880 ejus
629 799 754 870 mater,
778 798 841 858 aut
866 788 986 870 amita,
1004 798 1070 859 aut
1095 799 1221 861 mater·

174 912 259 985 tera,
277 913 339 973 aut
357 926 463 993 soror.
508 902 699 997 Presbyter
715 904 830 996 quivis
843 900 963 975 Biblia
979 925 1079 975 sacra
1095 903 1222 976 habeat

173 1020 320 1110 propria,
360 1042 429 1088 non
447 1000 449 1005 ’
464 1017 618 1113 Anglice
660 1019 778 1103 modo,
815 1020 1046 1090 verumetiam
1084 1018 1220 1093 latine.

174 1132 297 1206 Vestis
320 1135 366 1205 sit
391 1136 520 1207 decens
546 1146 583 1206 et
608 1135 735 1229 gravis,
756 1159 834 1227 quae
859 1135 1061 1207 ministrum
1089 1136 1221 1219 deceat,

173 1273 243 1320 non
262 1250 424 1334 militem,
436 1252 543 1343 juxta
560 1251 744 1321 arbitrium
763 1252 929 1344 episcopi.

260 1463 336 1549 (lap.
352 1481 384 1548 5.
408 1465 458 1528 De
471 1463 742 1549 archipresbyteris
754 1464 817 1527 eice
832 1463 956 1528 ἀκακία
970 1461 1137 1529 madeo.

223 1599 427 1673 Decanatus
453 1601 603 1695 quilibet
632 1601 974 1697 archipresbyterum
1004 1603 1222 1673 masticanum

173 1717 312 1802 habeat,
331 1718 386 1789 vel
410 1718 643 1811 abepiscopo
670 1718 725 1789 vel
752 1718 910 1790 ecclesiae
932 1718 1110 1790 ordinario
1136 1742 1223 1813 prae·

172 1833 376 1906 ficiendum.
428 1831 566 1904 Munus
591 1844 712 1905 autem
738 1835 813 1926 ejus
836 1835 905 1905 erit
926 1857 1098 1906 annuum.
1151 1834 1222 1909 Hic
1303 1882 1309 1893 ·

172 1959 341 2044 tanquam
368 1951 403 2021 in
430 1950 573 2044 specula
598 1951 819 2044 presbyteris,
845 1950 1011 2034 diaconis,
1033 1951 1221 2045 gardianis,
1263 1998 1316 2026 ⁴

172 2077 211 2138 et
227 2068 375 2150 aedituis,
395 2076 437 2137 ut
455 2066 583 2160 singuli
601 2090 680 2158 quae
696 2068 740 2137 ad
758 2090 880 2138 eorum
904 2088 1033 2138 munus
1055 2068 1221 2152 attinent,
1259 2113 1321 2145 «ι

172 2192 349 2277 praestent,
384 2194 557 2276 perpetuo
591 2183 800 2278 invigilabit.
863 2182 922 2254 De
954 2181 1154 2255 idololatris
1184 2193 1222 2255 et
1238 2186 1326 2248 ..τι

172 2300 356 2382 hereticis,
374 2301 419 2372 de
445 2301 655 2383 simoniacis,
681 2302 727 2371 de
752 2301 939 2372 lenonibus
963 2311 1001 2371 et
1027 2302 1329 2375 meretrici-

172 2418 249 2501 bus,
268 2419 313 2487 de
338 2418 507 2489 adulteris
533 2428 571 2489 et
596 2419 877 2502 fornicatoribus,
895 2418 941 2489 de
965 2418 1021 2490 his
1046 2420 1109 2511 qui
1134 2420 1332 2491 duas&

172 2555 300 2603 uxores
318 2532 422 2603 simul
433 2534 576 2616 habent,
588 2540 651 2604 aut
668 2532 762 2626 quae¹
781 2536 926 2605 maritos
939 2534 1039 2616 duos,
1052 2535 1100 2606 de
1112 2537 1332 2631 magiae

173 2659 210 2719 et
239 2651 414 2732 veneficis,
446 2651 491 2722 de
520 2651 833 2722 calumniatoribus
860 2661 898 2721 et
926 2649 1153 2743 blasphemis,
1179 2653 1332 2723 dcss

173 2768 389 2837 sodomiticis
423 2778 461 2839 et
491 2768 646 2849 ebriosis,
679 2768 725 2838 de
759 2767 966 2837 ult-imarum
996 2766 1329 2841 voluntantum

173 2884 380 2975 corruptelis
401 2894 439 2954 et
463 2884 634 2976 perjuriis
652 2885 697 2953 de
717 2885 978 2976 injunctionum
1003 2893 1067 2953 aut
1089 2896 1329 2956 nostra-⁴⁶⁶·

173 3021 250 3069 rum
272 3011 334 3071 aut
357 3001 511 3092 episcopi
531 2999 766 3083 violatoribus,
785 3001 952 3091 inquirat.
1005 2999 1054 3070 Et
1076 2985 1325 3073 vocandiii

172 3116 217 3186 ad
247 3138 295 3197 se,
325 3115 382 3186 et²
415 3117 639 3187 examinandi
675 3116 800 3186 horum
838 3115 1010 3186 scelerum
1042 3123 1323 3209 suspectos&

172 3232 426 3302 authoritatem
454 3232 593 3303 habeat.
650 3231 804 3302 Omnem
832 3233 1067 3303 accusationis
1093 3243 1223 3319 ortum,
1250 3269 1317 3303 .-

173 3350 246 3419 sive
269 3372 332 3440 per
349 3349 478 3419 famam
503 3348 692 3441 publicam,
711 3350 785 3418 sive
805 3348 1040 3418 deferentium
1064 3352 1225 3421 testimo·
1242 3372 1315 3399 ,-

174 3467 232 3536 nio
256 3467 454 3558 probatum,
474 3464 529 3535 vel
555 3475 769 3556 suspectum,
789 3464 952 3557 episcopo
972 3476 1036 3536 aut
1058 3466 1136 3558 ejus
1157 3465 1223 3538 loci

174 3582 348 3651 ordinario
375 3581 466 3650 infra
491 3582 614 3651 decem
639 3581 714 3650 dies
741 3582 775 3649 in
800 3582 937 3673 scriptis
962 3582 1100 3674 prodet.
1152 3581 1223 3667 Qui

49 3762 59 3776 ,,
173 3708 294 3768 autem
319 3700 438 3768 venire
464 3698 506 3767 ad
536 3721 616 3767 eum
645 3698 869 3783 recusaverit,
896 3720 961 3788 per
988 3699 1223 3790 apparitorem

175 3824 319 3885 vocatus
345 3823 514 3904 tanquam
541 3825 733 3882 contumax
761 3814 914 3905 episcopi
941 3814 1109 3905 puniatur
1134 3814 1225 3886 arbi·

174 3928 299 4001 tratuss.
344 3929 507 4021 Episcopi
521 3928 740 3998 voluntatem
760 3929 923 3997 omnibus
940 3929 1016 4020 ejus
1034 3931 1225 4001 decanatus

175 4046 330 4118 ecclesiis
354 4045 418 4114 sibi
443 4067 505 4136 per
522 4044 642 4113 literas
659 4040 907 4138 significatam,
934 4054 1068 4135 quanta
1091 4046 1223 4137 poterit

175 4161 358 4234 celeritate
389 4161 538 4230 subinde
569 4162 698 4251 exponi
730 4160 890 4229 curabit:
929 4159 1060 4251 alioqui
1091 4161 1222 4232 subibit

218 4304 225 4339 ¹
244 4311 335 4375 atque.
435 4297 449 4342 2
462 4308 491 4356 et
506 4319 558 4356 oro.
664 4296 678 4342 ³
693 4301 815 4375 episcopi
832 4302 964 4376 puniatur
977 4303 1117 4362 arbitratu
1132 4323 1181 4362 om.
