2692 4800
459 304 508 355 ns
532 303 672 355 nrvrurs
698 303 861 355 oremus.
1134 290 1182 364 93

130 460 287 542 sicarius,
314 471 354 532 et
388 482 552 555 magnam
587 460 623 530 in
658 483 702 531 eo
736 460 957 554 diligentiam
992 459 1184 541 adhibeat;

130 598 305 646 summam
331 576 428 646 enim
454 575 649 647 utilitatem
676 586 714 646 et
739 585 967 668 praestantem
991 597 1094 646 usum
1121 574 1184 645 ha·

129 691 189 762 bet
215 693 254 762 in
280 690 442 763 Ecclesia
462 691 532 764 Dei
558 690 724 784 frequens
750 691 941 762 inculcatio
967 690 1184 772 catechismi,

129 831 235 901 quem
259 831 332 879 non
355 808 469 880 solum
492 832 514 880 n
538 809 655 902 pueris
678 809 796 892 edisci,
814 807 875 879 sed
902 808 1011 879 etism
1035 808 1080 879 ab
1101 809 1185 878 ado-

128 925 345 996 lescentibus
372 925 510 996 attendi
542 924 714 1008 volumus,
742 933 783 995 ut
812 926 849 995 in
880 946 1018 994 summa
1044 923 1184 1018 religio-

130 1043 182 1112 nis
205 1041 427 1124 erudiantur,
448 1051 487 1113 et
513 1065 704 1135 puerorum
730 1043 825 1134 piam
851 1042 1093 1113 assiduitatem
1120 1064 1184 1112 sus

130 1158 318 1250 praesentia
347 1157 590 1229 cohonestent.
649 1154 876 1229 Cateohismo
906 1157 1084 1243 concluso,
1114 1165 1184 1228 sta-

131 1273 194 1344 tim
225 1273 396 1345 succedat
426 1274 631 1367 baptismus,
657 1274 683 1344 si
712 1275 773 1366 qui
805 1274 936 1345 hrerint
962 1273 1007 1343 ad
1034 1273 1068 1343 id
1096 1297 1184 1366 prue-

131 1388 242 1481 parati
269 1389 382 1482 pueri.

143 1599 221 1686 (lep.
238 1620 287 1665 10.
309 1599 459 1666 Procr'dur
472 1600 651 1687 mrpminis
665 1601 746 1665 ratio
761 1599 953 1665 collationum
967 1611 995 1666 ot
1008 1600 1173 1688 ds'scrplina
1192 1618 1234 1689 45

571 1704 742 1768 mondum.

177 1842 362 1917 Confectis
379 1844 541 1939 precibus
558 1847 775 1938 vespertinis,
788 1847 832 1916 ad
850 1869 937 1938 quas
955 1845 1001 1916 ab
1018 1843 1183 1916 omnihus

130 1971 209 2054 post
228 1961 436 2032 concionem
455 1962 490 2031 in
508 1961 655 2054 propriis
672 1961 830 2033 ecclesiis
846 1960 1081 2033 attendendas
1098 1984 1183 2032 con·

130 2100 253 2149 cursus
273 2078 353 2160 erit,
371 2077 572 2172 principalis
595 2077 764 2159 minister,
783 2101 888 2171 quern
911 2078 1103 2171 parochum
1123 2101 1184 2149 vo·

130 2205 222 2278 cant,
241 2202 281 2265 et
305 2193 483 2276 diaconus,
502 2196 530 2266 si
556 2197 646 2266 l'orte
667 2203 856 2287 praescntes
881 2195 1022 2278 fuerint,
1040 2195 1098 2268 vel
1123 2196 1184 2267 ab·

131 2311 293 2382 sentibus
309 2310 389 2394 illis,
403 2312 555 2381 ministri
566 2311 715 2381 vicarius
726 2318 762 2380 et
777 2310 942 2393 seniores,
957 2333 1038 2381 cum
1052 2311 1183 2405 populo

130 2428 307 2499 rationem
334 2428 562 2520 pecunismm
588 2429 710 2498 ineant
735 2427 779 2497 ad
805 2428 881 2521 pios
908 2450 991 2499 usus
1016 2430 1185 2522 seposita-

131 2567 222 2627 rnm,
248 2544 426 2636 quomodo
452 2541 604 2636 possint¹
631 2545 826 2616 rectissime
852 2542 1039 2628 collocari;
1074 2555 1113 2618 et
1139 2546 1184 2616 ad

132 2660 227 2732 idem
253 2669 396 2753 tempus
421 2660 607 2753 disciplina
632 2670 840 2732 reservetur.
900 2660 1062 2746 Quorum
1088 2663 1183 2735 enim

133 2773 277 2868 publice
304 2775 372 2845 fuit
397 2774 516 2868 aliqua
540 2777 761 2869 perversitas,
788 2799 865 2868 quae
892 2798 1120 2848 communem
1147 2779 1183 2849 in

133 2888 320 2961 Ecclesiae²
346 2890 577 2962 offensionem
600 2892 796 2974 incurrerit,
815 2892 859 2962 ad
881 2901 1107 2984 peccatorum
1125 2915 1185 2987 ag-

132 3005 327 3078 nitionem³
347 3016 569 3088 revocentur,
587 3016 765 3077 eteorum
784 3029 906 3099 poenas
929 3005 1070 3099 publice
1088 3005 1185 3087 dent,
1311 3079 1313 3083 ,

132 3136 173 3195 nt
192 3123 356 3196 Ecclesia
373 3122 515 3194 illomm
537 3123 681 3194 salutari
699 3123 918 3194 correctione
935 3121 1183 3193 conformetur.

135 3239 276 3312 Deinde
299 3242 460 3311 minister
480 3263 562 3325 cum
589 3240 786 3311 senioribus
812 3238 992 3310 nonnullis
1017 3238 1185 3311 secedens

133 3356 317 3426 consilium
359 3358 485 3450 capiet,
521 3358 698 3450 quomodo
739 3357 860 3442 ceteri,
898 3378 1047 3449 quorum
1087 3356 1185 3449 pravi

133 3494 249 3543 mores
272 3494 349 3543 esse
366 3472 545 3557 dicuntur,
564 3481 602 3543 et
620 3471 792 3568 flagitiosa
809 3473 884 3542 rita
900 3472 1184 3565 deprehenditur,

134 3590 289 3682 primum
324 3588 479 3659 fraterna
512 3587 666 3681 quadam
701 3587 874 3658 charitate
910 3586 1019 3677 juxta
1051 3584 1183 3657 Christi

134 3706 378 3799 praescriptum
403 3706 440 3775 in
467 3703 653 3797 evangelio
678 3702 935 3774 conveniantur
958 3726 979 3773 a
1000 3702 1123 3775 sobriis
1147 3714 1185 3774 et

133 3821 227 3916 frugi
255 3821 360 3903 riris3
396 3841 545 3912 quorum
570 3816 717 3889 monitis
743 3815 771 3886 si
800 3815 928 3908 seipsi
957 3816 1183 3899 correxerint,

132 3936 213 4008 Deo
229 3937 346 4031 gratis
362 3935 552 4031 diligenter
568 3942 624 4005 est
641 3932 825 4003 habenda:
851 3932 946 4023 quod
970 3933 998 4002 si
1021 3955 1184 4024 perrexe-

132 4052 204 4122 rint
221 4051 258 4121 in
276 4049 419 4134 scelere,
437 4071 619 4144 poenarum
637 4070 680 4120 es
701 4056 785 4118 sunt
806 4046 1000 4119 acerbitate
1025 4069 1185 4142 compre·

131 4168 321 4250 hendendi,
339 4190 447 4260 quam
471 4164 524 4236 in⁴
549 4163 733 4258 evangelio
753 4163 912 4235 videmus
935 4162 1076 4234 illorum
1100 4188 1183 4235 con·

133 4285 303 4355 tumaciae
320 4290 552 4377 praeparatam
571 4303 659 4353 esse.

175 4436 299 4513 ¹possit.
412 4428 573 4494 'Ecclesia
682 4428 913 4511 ³cognitionem.
1023 4432 1078 4491 ⁴in
1093 4452 1142 4491 om.
