2692 4800
449 292 498 343 nn
523 292 882 345 ranscmrrmurnus.
1117 275 1190 348 26³

225 559 304 645 Cep.
315 573 344 642 7.
368 559 571 646 Proescn'pts'o
586 558 634 624 ool
645 558 829 644 intmmpi
835 566 935 644 potest
949 556 995 621 ool
1007 578 1117 623 ooesnrs

564 662 613 729 ool
624 660 776 749 impediri.

198 800 422 894 Praesoriptio
444 800 631 894 aliquando
653 809 776 881 cessat,
793 798 979 891 aliquando
1005 800 1192 869 interrum-

146 917 253 1010 pitur,
286 917 348 989 sed
381 941 453 989 nou
485 918 580 989 idem
613 916 857 989 estimandum
892 916 1032 1009 quaudo
1067 926 1190 1000 cessat,

146 1044 184 1107 et
218 1035 359 1128 quaudo
394 1035 577 1128 rumpitur.
636 1035 780 1106 Cessare
810 1034 1023 1128 praesoriptio
1052 1034 1190 1119 dicitur,

146 1153 289 1247 quaudo
315 1162 459 1245 propter
487 1152 629 1244 aliquod
658 1150 882 1246 privilegium
911 1174 1066 1243 personae
1091 1153 1191 1245 cnjus

147 1294 201 1342 res
225 1280 292 1354 est,
310 1280 372 1341 aut
392 1271 631 1341 conditionem
648 1271 755 1362 ipsius
778 1269 839 1352 rei,
857 1292 926 1339 non
948 1267 1056 1339 habet
1072 1267 1191 1339 loeum

147 1387 369 1480 prescriptio.
432 1386 565 1457 Similis
597 1387 680 1457 huie
714 1386 897 1458 cessationi
929 1386 1039 1455 videri
1072 1391 1191 1477 potest

147 1503 339 1597 impeditio,
370 1503 511 1595 quando
545 1504 761 1596 praesoriptio
790 1504 889 1595 qunsi
923 1502 1116 1586 intersistit,
1149 1513 1191 1573 ut

147 1642 228 1691 eum
254 1629 398 1714 propter
422 1620 604 1714 publicum
630 1620 785 1713 aliquem
809 1629 947 1691 motum
969 1619 1105 1712 judicia
1128 1642 1191 1690 ex-

147 1760 276 1819 ercere,
294 1748 332 1808 et
347 1740 408 1831 jus
433 1760 536 1807 suum
557 1739 734 1831 requirere
759 1760 829 1808 non
856 1736 951 1819 licet,
969 1746 1009 1807 ut
1034 1738 1072 1807 in
1098 1746 1191 1809 tem·

148 1876 230 1947 pore
265 1853 358 1938 belli,
387 1852 443 1924 vel
477 1853 618 1946 quaudo
652 1853 688 1922 in
723 1853 800 1923 loeo
828 1855 887 1945 jus
917 1877 987 1925 non
1021 1854 1190 1940 redditur,

146 1966 312 2041 ¹defeotu
331 1972 462 2063 judicis
486 1969 542 2041 vel
568 1968 645 2052 rei²‚
662 1979 770 2062 atque
794 1980 953 2063 tempore
976 1973 1094 2064 pestis.
1146 1970 1192 2041 Iu

147 2086 275 2180 quibus
299 2088 435 2158 ossibus
458 2096 496 2158 et
521 2087 692 2158 similibus
716 2088 930 2181 praescriptio
956 2110 1027 2159 non
1052 2110 1191 2180 prorsus

146 2205 397 2287 intermoritur,
415 2205 476 2275 sed
505 2204 538 2275 vi
565 2206 715 2296 quadam
742 2205 912 2297 impedita
938 2205 1190 2297 interquiescit,

146 2324 184 2393 e‘t
204 2320 399 2414 praesertim
417 2344 500 2390 oum
516 2323 643 2391 actoris
664 2322 870 2414 protestatio
892 2321 1088 2392 intercedit.
1131 2320 1192 2393 ln·

146 2438 318 2535 torrumpi
344 2460 427 2508 vero
457 2437 664 2508 naturaliter
690 2436 925 2531 praesoriptio³
951 2438 1092 2521 dieitur,
1109 2461 1191 2508 oum

146 2563 263 2648 ooepta
283 2554 490 2635 retrahitur,
517 2578 563 2624 ne
591 2557 752 2649 progredi
782 2556 902 2648 possit.
961 2554 1002 2626 ld
1032 2578 1114 2625 vero
1138 2555 1191 2640 lit,

147 2693 228 2741 oum
254 2671 424 2763 possessio
449 2671 549 2741 nobis
574 2695 645 2742 nou
668 2673 703 2742 vi
729 2671 898 2765 legitima,
917 2676 1037 2764 (quarn
1064 2683 1191 2744 vocant

148 2785 446 2880 compulsivam⁴,)
468 2788 529 2857 sed
553 2788 708 2857 violenta
731 2789 887 2880 eripitur.
940 2787 989 2858 Et
1012 2790 1101 2859 ratio
1127 2800 1191 2874 est,

148 2905 230 2997 quia
252 2905 327 2975 sine
350 2905 564 2997 possessione
588 2906 801 2997 praescriptio
824 2928 894 2974 uon
913 2907 1081 2998 procedit.
1125 2906 1192 2977 Est

147 3028 267 3090 autem
296 3019 333 3088 iu
361 3017 510 3089 naturali
537 3019 792 3110 interruptione
818 3016 885 3087 hoo
910 3016 1079 3111 regulare,
1097 3020 1189 3111 quod

148 3160 191 3207 ea
217 3136 360 3230 prodest
390 3135 564 3217 omuibus,
592 3135 650 3227 qui
679 3134 810 3205 habent
832 3135 893 3227 jus
918 3136 955 3204 in
980 3158 1028 3206 re.
1081 3135 1192 3207 Itum·
1223 3158 1226 3165 ·

148 3255 243 3345 pitur
276 3255 384 3323 etiarn
414 3253 638 3345 praescriptio,
669 3253 809 3343 quaudo
842 3253 882 3334 is,
912 3254 1011 3346 eujus
1041 3275 1096 3323 res
1125 3263 1191 3337 est,

148 3369 244 3441 illam
271 3379 468 3440 contestata
494 3369 557 3440 lite
584 3370 621 3439 in
640 3370 775 3462 judicio
803 3370 941 3462 repetit,
966 3371 1125 3461 quamvis
1150 3369 1192 3439 li·

147 3496 222 3559 tem
249 3510 320 3557 non
345 3487 525 3580 perficiat3
555 3489 643 3558 item
669 3510 731 3579 per
755 3485 969 3558 alluvionem
994 3488 1109 3569 maris,
1128 3497 1192 3558 aut

147 3603 313 3687 fluminis,
329 3625 393 3697 per
415 3602 625 3673 solutionem
649 3603 826 3696 pensionis
852 3612 914 3673 nut
936 3604 1043 3696 partis
1067 3605 1191 3691 debiti,

147 3745 211 3816 per
243 3721 432 3792 secundam
476 3722 676 3791 cautionem
714 3720 758 3791 ad
797 3719 1014 3790 debitorem⁵
1050 3722 1190 3794 saetam.

148 3837 349 3931 Impeditur
370 3838 414 3908 ad
439 3835 512 3906 haee
537 3837 749 3929 praescriptio
772 3860 817 3906 ne
843 3847 969 3919 currat,
988 3840 1128 3930 quando
1152 3840 1191 3921 is,

148 3955 247 4046 cujus
281 3977 336 4024 res
362 3962 426 4037 est,
453 3952 551 4023 illum
577 3976 649 4022 non
676 3961 793 4046 potest
823 3964 1004 4046 repetere3
1038 3966 1079 4025 ut
1109 3966 1191 4027 sunt

148 4062 356 4164 impuberes,
381 4071 512 4163 quique
537 4069 652 4140 adhue
677 4070 743 4140 sub
768 4068 883 4140 aliena
906 4080 1083 4163 potestate
1109 4096 1193 4143 oon·

223 4225 232 4260 ¹
247 4238 277 4287 et
290 4230 413 4288 defectu.
536 4228 606 4287 ²vol
621 4230 689 4305 reip.
706 4229 783 4303 (sic).
907 4226 1109 4308 ³praesoripto.

403 4325 610 4403 ⁴compulsiva.
743 4331 755 4368 ὅ
769 4347 786 4383 a
800 4328 935 4384 debitore.
