2692 4800
104 325 124 373 r.
382 318 432 370 un
448 318 605 371 Juorcns
622 317 765 372 oovvua
785 319 963 371 narseus.
1150 308 1197 380 27

175 512 251 598 Cap.
269 535 301 599 9.
330 513 407 578 Cum
422 513 463 579 lia
477 513 513 578 iu
526 513 650 579 torosis
664 535 758 579 ceusu
766 515 889 600 pendet,
905 521 933 578 ot
947 515 1154 600 rcussuperit,

508 617 587 703 quid
598 616 837 703 sitsacicrdum.

195 737 235 809 Si
254 737 298 810 lis
316 741 355 810 in
372 740 516 811 haeresis
539 742 777 811 controversia
793 737 976 833 pendeatl,
994 748 1032 810 et
1056 743 1197 811 interim

150 876 227 924 reus
252 855 291 924 in
318 854 431 925 alium
455 853 576 926 locum
606 855 793 937 dilabatur,
820 854 881 925 ubi
907 855 1002 948 prior
1022 856 1136 949 judex
1162 857 1198 925 in

145 971 224 1060 jure
246 969 400 1041 diceudo
420 993 567 1066 pergere
597 970 754 1065 nequit²,
782 973 977 1067 postulabit
997 974 1111 1066 judex
1137 981 1200 1043 aut

151 1110 170 1158 a
196 1087 409 1159 vicecomite
443 1096 506 1158 aut
535 1088 705 1182 praeiscto
732 1089 852 1182 oppidi
879 1089 1000 1182 (quem
1031 1091 1199 1182 majorem

153 1208 295 1294 vocant)
313 1201 410 1275 illius
426 1203 495 1275 loci
513 1205 549 1275 in
573 1227 644 1297 quo
667 1227 748 1276 reus
765 1215 933 1288 versatur,
951 1215 993 1276 ut
1016 1204 1081 1276 sibi
1099 1228 1199 1275 reum

152 1330 187 1388 et
199 1318 344 1411 proprio
357 1317 433 1388 foro
447 1320 706 1390 restituendum
720 1329 841 1401 curet3
855 1319 1049 1389 vicecomes
1065 1327 1200 1401 autem,

152 1434 223 1503 sive
254 1435 378 1526 maj0r,
396 1456 478 1505 cum
502 1435 634 1526 judicis
663 1435 877 1506 senteutiam
907 1434 1137 1518 intellexerit,
1163 1437 1200 1505 in
1239 1519 1242 1526 Ι

151 1548 263 1620 literis
273 1549 407 1641 judicis
423 1551 663 1643 perscriptam,
677 1559 714 1621 et
727 1551 802 1642 ejus
819 1551 920 1645 signo
934 1552 1200 1634 communitam,

149 1668 272 1737 statim
292 1666 494 1758 providebit
510 1676 552 1737 ut
574 1689 654 1738 reus
669 1667 963 1761 apprehendatur,
981 1690 1135 1759 eumque
1155 1669 1200 1738 ad

149 1784 333 1876 proprium
341 1783 502 1876 judicem
519 1783 703 1878 relegabit.
754 1783 860 1868 Quod
878 1786 907 1855 si
926 1785 1122 1855 vicecomes
1139 1792 1201 1854 aut

145 1899 265 1992 major
298 1898 416 1970 facere
445 1899 654 1992 neglexerit,
675 1900 713 1969 in
743 1921 786 1970 eo
816 1900 892 1992 ipso
917 1900 1012 1992 quod
1043 1899 1203 1992 neglexit

144 2014 315 2108 protinus
340 2015 679 2098 excommunicatus,
703 2024 741 2085 et
765 2015 812 2086 ab
836 2014 997 2087 Ecclesia
1021 2023 1203 2107 separatus

145 2153 230 2202 esse
240 2129 472 2223 judicabitur.

246 2300 325 2386 (lap.
341 2320 390 2365 10.
412 2299 592 2385 Dellivqus'
606 2301 734 2385 muscast·
747 2309 802 2365 aut
815 2301 944 2365 moirti
957 2301 1018 2365 dut
1032 2300 1110 2385 quid

551 2403 744 2468 nummus
755 2404 805 2468 stt.

202 2527 278 2612 Qui
304 2526 349 2598 ds
374 2527 521 2598 crimine
547 2528 655 2598 fuerit
680 2527 822 2599 haeresis
846 2527 1037 2608 confessus,
1056 2535 1119 2595 aut
1142 2528 1202 2618 qui

151 2646 205 2715 sic
222 2642 408 2715 convictus
424 2643 532 2715 fuerit
549 2652 591 2714 ut
610 2646 787 2715 sententia
802 2645 935 2738 judicis
958 2651 1081 2714 contra
1100 2640 1203 2712 illum

152 2761 364 2854 processerit
387 2768 424 2830 et
441 2762 673 2853 pronunciata
689 2760 808 2843 fuerit,
826 2761 855 2831 si
873 2782 939 2830 nec
962 2758 1202 2852 appellaverit,

153 2899 221 2947 nec
246 2877 341 2946 intra
365 2885 506 2968 tempus
528 2875 756 2968 appellationi
780 2899 985 2948 concessum
1006 2877 1203 2969 resipuerit,

154 3001 193 3064 st
216 2992 390 3063 arbitratu
414 2992 468 3062 sui
491 2991 624 3083 judicis
649 3016 712 3085 pro
738 2993 884 3063 crimine
911 2991 1132 3073 satisfecerit,
1156 3014 1202 3062 ex

154 3109 217 3180 illo
234 3118 396 3200 tempore
419 3109 465 3178 sit
481 3106 548 3178 hac
565 3109 641 3201 ipsa
657 3108 880 3179 contumacia
903 3109 1018 3179 factus
1040 3107 1203 3191 infamis3

154 3248 222 3297 nec
245 3223 290 3296 ad
314 3223 429 3294 officia
451 3224 593 3317 publica
616 3225 782 3319 gerenda,
800 3249 867 3295 uec
890 3225 934 3295 ad
958 3222 1113 3304 consilia,
1137 3246 1204 3294 nec

154 3339 200 3410 ad
224 3340 468 3410 testimonium
492 3340 681 3411 dicendum
700 3339 773 3410 ullo
797 3350 958 3431 tempore
983 3345 1204 3421 assumatur;

155 3457 228 3526 imo
245 3478 312 3527 nec
329 3463 585 3528 testamentum
603 3456 654 3527 illi
673 3457 824 3527 condere
842 3457 894 3526 fas
911 3456 1002 3538 erit3
1031 3463 1205 3547 praeterea

155 3571 392 3664 quodcunque
405 3573 587 3665 negotium
606 3571 658 3642 illi
675 3595 756 3643 cum
774 3571 851 3643 aliis
869 3571 1116 3654 intercesserit,
1129 3572 1205 3662 ipso

155 3689 302 3779 quidem
327 3689 501 3772 omnibus,
518 3688 569 3759 illi
596 3711 677 3759 vero
700 3688 819 3761 nullus
842 3696 991 3783 cogatur
1012 3689 1047 3757 in
1068 3686 1205 3779 judicio

156 3807 380 3900 respondere.
431 3807 576 3878 Crimen
610 3807 704 3876 enim
741 3804 880 3876 haeresis
913 3804 1094 3897 publicum
1129 3793 1205 3873 esse

157 3923 376 4005 statuimus;
421 3921 587 4014 quoniam
623 3922 692 3992 Dei
721 3922 845 4015 religio
879 3920 1078 3991 communis
1112 3920 1206 3989 iuter

158 4062 281 4111 omnes
303 4061 386 4109 curn
412 4038 573 4122 violatur,
590 4039 627 4108 in
650 4062 693 4109 eo
718 4036 859 4131 publice
877 4037 1019 4107 videtur
1041 4036 1206 4106 omnibus

159 4156 285 4248 injuria
303 4155 390 4226 fieri.

318 4301 329 4347 l
345 4304 461 4380 pendet.
881 4297 895 4342 ²
910 4309 1042 4374 nequeat.
