2692 4800
224 277 271 349 98
428 290 477 341 ou
503 290 671 342 cccrum
698 291 742 340 m
767 289 951 341 mmsrms
976 290 1073 354 mus
1277 270 1342 345 cni

222 447 374 530 tradent,
393 457 434 519 ut
454 449 597 518 omniuo
622 448 800 540 provisum
826 446 873 519 sit
896 471 943 520 ne
960 449 1047 542 quid
1064 447 1264 523 detrimenti
1340 494 1342 499 ·

222 563 379 635 ecclesiae
404 564 505 635 bonis
525 563 715 635 adferatur.
768 563 947 656 Populum
966 565 1037 637 Dei
1055 567 1108 638 sic
1124 566 1164 637 iu
1180 566 1265 639 ordi-

221 703 305 750 nem
331 682 501 775 redigeut,
523 689 565 751 ut
591 703 671 751 cum
698 687 761 750 aut
786 679 1008 772 precationes
1032 682 1187 776 publicae
1209 692 1266 755 aut

222 798 409 869 conciones
426 797 522 868 verbi
534 795 690 878 Domini,
704 804 767 867 aut
785 796 956 870 lectiones
972 819 1078 870 sacrae
1095 800 1134 870 in
1148 797 1266 872 Eccie

222 914 273 984 sia
298 912 395 994 fiant,
424 922 534 1005 utque
560 914 644 983 dum
671 921 734 984 aut
761 913 999 1005 injunctiones
1027 924 1169 998 nostre,
1199 917 1266 987 sive

223 1030 386 1122 episcopi,
408 1038 471 1100 aut
496 1037 633 1100 statuta
657 1038 721 1100 aut
745 1030 914 1101 mandatu
938 1052 1161 1123 quaecuuque
1184 1034 1269 1105 reci-

224 1156 354 1230 tentur,
373 1155 435 1217 aut
458 1155 678 1216 sacramenta
695 1146 841 1216 Domini
860 1146 1116 1231 ministrentur,
1133 1171 1270 1243 prorsus

223 1262 341 1332 nullus
354 1265 518 1334 audiatur
535 1263 570 1332 iu
589 1270 683 1331 coetu
698 1261 1016 1346 obambulantium,
1028 1262 1138 1334 altius
1153 1262 1273 1361 legen·

224 1380 325 1460 tium,
345 1380 564 1472 precantium
584 1377 640 1449 vei
664 1376 898 1470 loquentium,
914 1386 978 1449 aut
996 1402 1142 1472 quoquo
1166 1381 1273 1452 modo

224 1495 328 1567 aliter
351 1494 643 1589 obstrepentium,
667 1493 855 1566 tumultus.
912 1494 1019 1580 Quod
1043 1497 1071 1566 si
1096 1498 1274 1591 quispiam

224 1612 461 1682 concionatori
489 1612 526 1680 iu
554 1609 703 1681 ecclesia
731 1609 947 1703 obstrepere,
972 1621 1036 1683 aut
1065 1613 1277 1709 presbytero

224 1729 437 1798 ministranti
470 1726 652 1811 obsistere,
682 1737 746 1796 aut
775 1728 934 1798 ordinem
968 1751 1223 1823 quemcunque
1252 1753 1277 1801 a

224 1844 325 1915 uobis
350 1845 387 1914 iu
419 1841 567 1914 ecclesia
592 1844 796 1914 institutum
821 1844 997 1936 impedire
1023 1846 1131 1929 ausit,
1157 1846 1279 1941 gardi-

223 1985 370 2032 anorum
397 1962 465 2031 erit
490 1983 571 2031 eum
599 1959 644 2030 ab
667 1959 816 2031 ecclesia
838 1960 1039 2044 extrudere,
1057 1984 1126 2033 nec
1146 1961 1201 2033 illi
1221 1986 1280 2034 re-

224 2075 337 2150 ditus¹
362 2078 405 2148 ad
428 2075 613 2148 ecclesiam
641 2076 706 2146 nisi
730 2099 793 2168 per
817 2079 1021 2170 episcopum
1044 2079 1296 2151 concedetur.-

224 2195 391 2288 Episcopi
422 2216 505 2264 vero
533 2192 667 2263 debent
696 2215 843 2263 censura
871 2195 995 2285 quavis
1021 2193 1285 2281 ecclesiastica,

224 2321 394 2405 tauquam
412 2310 512 2381 freno
530 2310 673 2401 injecto,
690 2309 895 2401 praeimctos
912 2311 1083 2404 ejusmodi
1101 2315 1280 2408 majorem

224 2430 269 2500 ad
293 2451 431 2499 morum
456 2428 666 2519 gravitatem
692 2436 731 2495 et
747 2427 958 2498 modestiam
975 2438 1223 2522 contorquere,
1239 2439 1296 2501 et.

224 2547 419 2639 gordianos,
440 2543 506 2613 nisi
524 2544 560 2614 id
578 2542 737 2623 fecerint,
755 2542 1000 2615 ecclesiasticis
1021 2545 1136 2637 poenis
1153 2546 1300 2618 devin-

226 2666 308 2732 cire.
350 2660 519 2730 Gardiani
536 2683 557 2728 a
574 2658 865 2750 parochianorum
884 2659 1007 2751 majori
1023 2671 1126 2752 parte
1143 2660 1301 2756 eligen-

227 2790 295 2861 tur,
325 2802 366 2848 ao
393 2775 540 2869 singulis
570 2775 670 2845 annis
698 2776 790 2845 circa
817 2776 948 2845 festum
975 2777 1102 2849 natalis
1129 2775 1297 2850 Domini

228 2897 401 2967 rationem
429 2893 559 2984 pastori
586 2914 627 2961 ac
654 2889 873 2982 parochianis
897 2901 1123 2984 acceptorum
1149 2902 1188 2964 et
1216 2917 1301 2965 ex·-

227 3033 416 3107 peusorum
451 3008 612 3077 reddent.
666 3005 714 3074 Et
745 3003 869 3097 quarn2
903 3029 1011 3099 penes
1044 3029 1083 3077 se
1112 3008 1300 3081 detinent·

228 3129 397 3200 Ecclesia
420 3122 689 3216 supellectilem,
708 3146 855 3214 quaeque
874 3122 937 3215 ipsi
957 3123 1002 3194 ab
1020 3122 1096 3195 aliis
1113 3124 1175 3218 qui
1192 3135 1301 3196 ante

228 3270 265 3317 se
283 3246 428 3315 fuerunt
450 3242 485 3310 in
511 3264 554 3311 eo
578 3261 724 3308 munere
748 3250 972 3331 acceperuut,
989 3239 1129 3333 integra
1149 3250 1189 3311 et
1211 3241 1305 3312 illi-

228 3365 312 3436 bata
337 3356 595 3431 successoribus
622 3357 829 3449 consignata
853 3355 1066 3447 relinquant.
1120 3355 1171 3428 Et
1196 3381 1308 3431 cou-

229 3479 333 3550 fectis
351 3474 545 3545 rationibus
563 3473 590 3541 si
610 3473 796 3563 quicquam
816 3473 909 3564 apud
927 3471 1006 3543 iilos
1023 3473 1100 3544 aeris
1112 3474 1307 3548 ecolesiaae

231 3597 309 3667 stici
342 3592 502 3671 resideat,
531 3613 594 3682 per
621 3611 785 3659 censuras
812 3588 1067 3660 ecclesiasticas
1100 3590 1138 3661 id
1172 3614 1312 3662 omno

231 3715 319 3784 citra
345 3710 475 3779 festum
503 3705 638 3798 paschae
664 3706 825 3798 proxime
851 3705 1011 3775 futurum
1035 3716 1211 3800 cogantur
1228 3732 1321 3781 τεν

232 3831 390 3901 stituere.
459 3823 718 3893 Gordianorum
758 3820 912 3891 officium
955 3844 1018 3914 per
1052 3825 1321 3915 parochianos

231 3943 435 4037 impositum
465 3940 525 4030 qui
554 3938 775 4020 recusaverit,
803 3939 919 4029 primo
949 3961 1091 4031 quoque
1118 3948 1318 4033 tempore

233 4064 355 4132 decem
386 4055 527 4137 solidos,
553 4054 708 4125 secundo
739 4054 876 4148 viginti,
903 4055 1010 4123 tertio
1036 4056 1310 4151 quadraginta,

398 4260 405 4299 1
421 4244 557 4301 redditus.
945 4238 957 4277 ²
972 4245 1117 4319 quoniam.
