2692 4800
145 286 219 351 228
482 298 531 348 nn
557 294 856 348 nnonsmomnus.

331 560 410 647 Gap.
427 578 475 626 12.
499 557 616 624 Allato
630 578 651 621 o
666 577 764 621 oooao
778 551 1012 641 oililprobout.

71 680 80 699 ’
195 691 427 762 Probationes
450 711 544 770 vero,
563 687 619 757 vel
644 686 840 757 necessario
857 683 914 755 vel
938 683 1194 777 praesumptive,

144 807 273 878 inferre
297 807 429 878 debent
455 805 490 875 id
522 805 658 894 dequo
681 803 807 896 agitur.
860 801 953 886 Quae
977 824 1062 873 vero
1084 800 1197 873 alienu

145 933 227 995 sunt
245 947 266 994 a
283 946 388 995 causa
405 947 467 993 seu
485 921 724 991 controversia
740 918 829 989 nihil
845 918 1009 1011 probant.

196 1130 274 1218 Oap.
291 1151 338 1216 13.
368 1132 567 1194 Accusatores
588 1128 623 1192 io
637 1127 794 1212 jodioiom
815 1125 935 1212 dasm
956 1146 1018 1190 ooo
1038 1122 1147 1190 debent

415 1256 480 1300 rom
494 1256 564 1318 qooe
575 1231 703 1320 probari
718 1240 792 1297 ooo¹
807 1233 912 1318 possit.

195 1367 317 1439 Seiani
344 1366 464 1437 ounoti
488 1373 717 1445 accusatores,
736 1385 815 1434 eam
840 1385 877 1433 se
902 1385 977 1433 rem
1001 1361 1142 1433 deferre
1163 1360 1200 1431 in

144 1482 322 1575 publicam
346 1481 557 1551 notitionem
577 1480 717 1562 debere,
735 1503 812 1572 quoe
829 1478 969 1548 munita
991 1479 1040 1548 sit
1062 1476 1201 1548 idoneis

143 1598 304 1679 testibus,
332 1596 388 1667 vel
420 1599 593 1667 instructa
623 1597 851 1689 apertissimis
882 1594 1120 1676 documentis,
1145 1591 1202 1665 vel

144 1711 301 1785 indiciis²
327 1713 371 1783 ad
400 1713 644 1805 probationem
673 1712 892 1794 indubitatis,
918 1722 957 1782 et
988 1710 1071 1781 luce
1101 1710 1204 1781 clari·

144 1830 263 1901 oribus
280 1829 458 1922 expedita.

447 1994 524 2082 Gap.
538 2016 586 2074 14.
618 1996 714 2060 Testes
727 1994 896 2081 mundales.

114 2180 121 2193 ,
194 2117 358 2189 Testibus
388 2127 509 2189 tamen
539 2118 773 2211 synodalibus,
804 2141 846 2188 ae
876 2117 954 2188 aliis
983 2116 1207 2210 probationi·

144 2236 211 2305 bus
250 2258 295 2305 ex
330 2236 467 2328 magnis
507 2244 545 2304 et
582 2234 906 2306 vehementioribus
940 2235 1206 2327 suspicionibus

145 2353 287 2434 exortis,
305 2349 508 2444 antiquam³
530 2353 601 2421 vim
618 2361 847 2443 veteremque
871 2351 1132 2422 authoritatem
1149 2374 1207 2422 re-

145 2490 334 2538 servamus.

218 2648 293 2732 Oap.
311 2668 358 2732 15.
389 2648 530 2733 Officium
545 2648 714 2732 irp'ooctom
729 2649 856 2733 quisquo
866 2646 998 2733 probaro
1012 2655 1134 2713 onear

559 2774 589 2816 ao
603 2751 786 2837 impleuisse.

146 2999 231 3091 quid
249 2998 364 3068 facere
382 3008 534 3074 tenetur,
553 2999 627 3090 ipse
645 3021 783 3089 semper
800 2998 948 3090 probare
967 2999 1086 3083 debet,
1107 3001 1204 3092 quod

146 3115 301 3185 officium
319 3136 423 3184 suum
440 3115 640 3206 hujusmodi
663 3139 703 3184 ac
722 3138 810 3184 onus
828 3116 1029 3206 injunctum
1046 3116 1205 3188 fideliter

146 3231 365 3324 adimplevit,
390 3232 446 3302 vel
471 3255 534 3325 per
557 3255 639 3302 eum
666 3256 735 3300 non
764 3232 878 3315 stetit,
901 3255 972 3323 quo
998 3233 1119 3304 minus
1142 3234 1204 3305 ad·

147 3348 321 3441 implevit.

421 3443 497 3529 Cap.
511 3447 559 3508 16.
583 3446 780 3509 Mousoneuta
787 3442 927 3530 psallieo.

198 3581 333 3654 Census
367 3594 404 3653 et
438 3594 670 3655 monumenta
703 3583 844 3677 publica
879 3585 1016 3675 potiora
1050 3586 1199 3656 testibus

148 3721 223 3770 esse
247 3721 441 3770 censemus.

235 3907 311 3993 Oop.
327 3925 375 3991 17.
402 3909 483 3973 Reus
494 3914 588 3993 potest
595 3908 753 3993 probandi
768 3928 841 3971 ottus
859 3907 892 3970 io
906 3928 936 3970 so
951 3907 1113 3991 attempero.

200 4055 325 4128 Potest
349 4080 430 4128 reus
454 4079 543 4128 onus
565 4056 735 4149 probandi
760 4055 795 4125 in
814 4078 852 4125 se
874 4077 1062 4137 assumere,
1081 4065 1118 4125 et
1138 4054 1191 4123 do-

149 4196 229 4244 cere
247 4173 384 4265 dejure
401 4196 474 4255 suo,
493 4172 577 4242 licet
594 4173 638 4242 ad
658 4173 725 4242 hoo
744 4172 842 4242 nullo
853 4173 935 4263 jure
953 4172 1170 4264 astringatur.

274 4311 280 4350 ¹
297 4334 353 4371 non
370 4334 422 4371 om.
584 4311 729 4389 ²judiciis.
893 4308 905 4347 ³
919 4320 1078 4386 antequam.
