2692 4800
217 249 263 320 16
589 270 637 319 mr
662 269 880 321 amaremus.
1260 276 1291 327 c.
1311 273 1342 350 15

213 425 289 495 aliis
320 433 482 495 recusant
511 425 686 501 accedere,
719 448 828 518 seque
864 425 987 496 dicunt
1022 428 1174 500 detineri
1212 432 1270 503 vel

213 541 453 610 ministrorum
472 539 708 631 improbitate,
728 539 783 610 vel
801 540 950 611 aliorum
968 542 1140 626 fratrum3
1166 547 1266 636 quasi

212 658 307 748 prius
335 656 654 726 excommunicatio
685 658 794 749 possit
824 659 860 725 in
891 679 1068 749 quoquam
1100 659 1268 756 intelligi,

211 795 317 864 quam
345 772 503 843 Ecclesia
530 774 743 843 sententiam
771 774 1153 845 excommunicationis
1183 798 1271 845 con·

211 899 266 958 tra
291 889 391 959 illum
418 891 596 971 direxerit,
625 892 660 958 in
686 913 757 980 qua
782 891 1035 982 pronunciatur
1062 890 1167 962 illum
1194 916 1268 964 non

210 1028 311 1077 secus
330 1008 523 1089 vitandum,
542 1029 646 1098 quarn
665 1005 847 1075 ethnicum
866 1017 903 1076 et
922 1006 1165 1099 publicanum.

438 1244 514 1328 Gap.
530 1245 578 1306 16.
594 1244 642 1306 De
657 1243 809 1308 ministris
824 1252 853 1308 et
866 1242 1034 1308 ordinibus.

261 1363 394 1435 Similis
427 1377 481 1436 est
519 1365 657 1435 illorum
693 1367 858 1447 amentia,
894 1369 955 1458 qui
996 1367 1267 1438 institutionem

209 1481 449 1551 ministrorum
482 1483 527 1553 ab
559 1480 735 1554 Ecclesia¹
768 1484 985 1577 disjungunt,
1018 1495 1194 1579 negantes
1228 1486 1266 1555 in

209 1599 315 1668 certis
339 1597 424 1668 locis
445 1610 559 1669 certos
577 1600 750 1683 doctores,
769 1611 926 1693 pastores
946 1611 1055 1693 atque
1078 1600 1268 1673 ministros

209 1713 372 1784 collocari
387 1714 536 1799 debere3
557 1739 622 1785 uec
640 1716 836 1786 admittunt
850 1715 1027 1808 legitimas
1045 1716 1266 1795 vocationes,

210 1851 275 1897 nec
293 1827 485 1898 solemnem
501 1853 670 1899 manuum
688 1831 961 1923 impositionem,
975 1831 1036 1901 sed
1055 1852 1119 1921 per
1135 1853 1267 1901 omnes

209 1945 350 2038 publice
363 1947 512 2015 docendi
526 1956 738 2038 potestatem
751 1948 944 2041 divulgant,
956 1948 1017 2039 qui
1031 1946 1137 2017 sacris
1148 1945 1267 2018 literis

209 2059 410 2153 utcunque²
430 2071 513 2130 sunt
538 2066 680 2154 aspersi,
698 2072 736 2134 et
761 2063 932 2156 Spiritum
956 2064 1022 2134 eibi
1047 2063 1266 2148 vendicant3

209 2201 274 2247 nec
292 2176 370 2247 illos
388 2177 501 2246 solum
519 2178 689 2247 adhibent
712 2179 754 2248 ad
774 2179 985 2260 docendum,
1004 2177 1199 2248 sedetiam
1216 2180 1265 2249 ad

208 2293 459 2363 moderandam
474 2292 679 2376 Ecclesiam,
694 2303 731 2365 et
750 2294 991 2365 distribuenda
1005 2293 1265 2380 Sacramenta3

208 2431 286 2499 qnae
309 2431 392 2478 sane
417 2408 577 2478 universa
599 2433 680 2479 cum
704 2411 842 2503 scriptis
864 2409 1121 2502 Apostolorum
1144 2410 1265 2480 maui-

208 2525 298 2594 feste
315 2535 485 2619 pugnant.

423 2755 500 2841 Cap.
517 2775 563 2839 17.
580 2757 628 2819 Dc
641 2764 897 2819 sacramentorum
912 2760 1037 2818 aeterra.

260 2877 393 2971 Magna
419 2902 560 2970 quoque
587 2879 768 2948 temeritas
800 2876 942 2945 illorum
969 2884 1034 2956 est,
1054 2876 1113 2967 qui
1141 2897 1263 2947 sacra-

205 3003 327 3064 menta
352 2996 401 3064 sic
427 3003 622 3064 extenuant
649 3004 689 3062 ut
716 3017 757 3062 ea
783 3016 845 3084 pro
870 2993 972 3061 nudis
995 2992 1112 3084 siguis,
1131 3004 1171 3061 et
1196 3015 1263 3062 ex-

206 3114 314 3182 ternis
344 3120 484 3182 tantum
514 3112 651 3180 indiciis
677 3113 754 3202 capi
781 3110 902 3189 velint,
930 3108 1057 3200 quibus
1082 3117 1261 3200 tanquam

205 3230 297 3298 notis
315 3228 498 3298 homiuum
513 3229 791 3298 Christianorum
809 3226 931 3319 religio
951 3206 1061 3317 possit
1077 3247 1099 3293 a
1114 3226 1261 3295 caeteris

205 3345 403 3424 internosci,
434 3368 499 3414 nec
527 3344 815 3413 animadvertunt
845 3350 1017 3433 quantum
1049 3341 1096 3410 sit
1126 3339 1258 3424 scelus,

204 3459 282 3529 haec
304 3469 426 3531 saneta
444 3458 532 3530 Dei3
557 3461 721 3530 instituta
747 3460 864 3529 inania
885 3467 922 3527 et
945 3479 1057 3526 vacua
1078 3444 1255 3528 credere⁴.

203 3578 296 3662 Quae
320 3602 400 3647 cum
426 3579 518 3647 inter
541 3600 604 3647 nos
628 3578 892 3668 dispertiuntur,
911 3574 944 3643 vi
964 3573 1073 3643 divini
1098 3571 1256 3664 Spiritus

203 3695 290 3765 fides
303 3695 538 3775 confirmatur,
551 3695 697 3786 erigitur
710 3692 934 3769 couscientia,
946 3688 1129 3781 promissio
1142 3689 1255 3759 etiam

205 3812 313 3880 venire
345 3821 570 3902 peccatorum
604 3833 667 3901 per
697 3809 875 3878 Christum
912 3806 1006 3875 facta
1040 3804 1253 3875 intrinsecus

203 3929 400 4007 exhibetur,
429 3929 647 3996 extrinsecus
679 3950 761 3994 vero
788 3926 862 3993 istis
892 3918 1120 3992 sacramentis
1151 3924 1250 4021 quasi

202 4043 316 4135 sigillo
351 4044 503 4135 quodam
539 4044 772 4134 consignatur.
832 4039 1007 4107 Praeterea
1040 4035 1150 4106 verbo
1181 4034 1250 4105 Dei

202 4162 296 4251 quod
314 4160 511 4238 intercedit,
534 4168 570 4227 et
588 4157 825 4250 symbolorum
850 4155 1088 4224 adhibitorum
1114 4152 1248 4222 naturis

247 4318 436 4377 llil-chriam.
531 4317 709 4390 2utruuque.
806 4313 820 4353 :t
837 4313 890 4370 Dei
906 4334 955 4367 oua
1052 4307 1206 4367 ⁴reddere.
