2692 4800
148 272 220 344 268
455 292 504 342 nn
528 290 883 344 rensuumoumus.

388 553 466 639 Cap.
480 570 510 637 7.
532 553 741 642 Presumptio
756 550 826 617 doni
837 549 947 616 ocimi.

199 680 269 751 Per
307 682 491 763 exteriora,
528 706 605 774 quae
641 684 737 753 intus
778 690 862 753 sunt
898 688 1187 776 presumuntur&

143 799 402 889 Quemcunque
441 797 549 891 igitur
587 797 729 869 studere
762 797 963 893 virtutibus,
997 798 1190 892 presertim

145 914 363 1008 simplicitati
398 925 436 987 et
464 916 656 998 modestiae,
682 915 821 998 rideris,
851 914 958 1009 hujus
990 915 1125 989 bonum
1154 925 1192 989 ct

147 1041 284 1103 rectum
314 1054 390 1102 esse
417 1031 574 1101 animum
603 1030 789 1126 intelliges.
841 1030 899 1102 Ex
928 1040 1110 1105 transacto
1132 1056 1193 1105 cu·

141 1148 290 1243 juslibet
328 1149 401 1219 vite
433 1149 613 1221 dinoscere
645 1169 830 1242 possumus
868 1148 952 1240 quid
991 1149 1038 1221 dc
1075 1148 1195 1221 subse·

147 1266 270 1359 quenti
298 1266 373 1357 ejus
398 1267 662 1338 conversatione
691 1286 965 1358 praesumemus:
1000 1266 1085 1359 quio
1109 1288 1197 1359 prae·

147 1384 333 1455 teritorum
356 1382 588 1453 consideratio
610 1404 676 1453 uos
695 1382 838 1453 instruit
858 1381 904 1452 de
927 1381 1069 1455 futuris.

244 1590 321 1676 Gap.
334 1590 364 1654 8.
386 1589 446 1670 Qui
460 1588 506 1653 cd
517 1586 627 1674 objectu
641 1589 774 1654 crimina
787 1598 871 1668 racc,
882 1599 1034 1677 ratpodus
1047 1599 1098 1656 cst.

198 1729 237 1801 Si
263 1731 340 1823 quis
364 1731 409 1802 ed
435 1731 591 1812 crimine,
613 1755 693 1823 quae
718 1730 784 1802 sibi
810 1731 943 1801 fuerint
967 1729 1121 1824 objectu,
1140 1731 1199 1803 vel

147 1847 323 1941 proposita
348 1847 384 1917 in
404 1847 540 1939 judicio
564 1845 609 1917 ed
634 1847 928 1941 respondendum,
951 1854 1082 1934 taccat,
1103 1871 1200 1942 prae-

147 1965 385 2057 sumptionem
408 1963 502 2034 haud
526 1963 641 2036 ierem
663 1965 796 2077 prsebet
818 1962 1056 2059 probabilem
1074 1965 1200 2040 defen-

148 2082 283 2153 sionem
300 2103 338 2154 se
355 2105 425 2152 non
443 2080 582 2152 hebere.

191 2289 269 2376 Gap.
281 2312 312 2376 9.
338 2288 403 2361 Qut
420 2286 613 2375 subterficpiu
630 2287 749 2375 querit,
769 2288 885 2355 mulam
902 2311 1026 2356 murum
1041 2288 1159 2358 dedero

559 2392 771 2480 presumitur.

200 2542 366 2634 Quisquis
387 2541 614 2612 dilationibus
625 2540 801 2634 judicium
824 2542 1071 2638 subterfugere
1093 2566 1204 2616 conc·

149 2667 217 2741 tur,
236 2659 264 2726 is
282 2657 409 2728 malam
428 2680 567 2728 causam
587 2681 724 2751 semper
742 2659 860 2731 fovere
877 2668 1121 2753 praesumatur.

249 2866 324 2951 Gap.
342 2886 389 2929 ιο.
416 2865 542 2945 wando
557 2866 731 2951 ipocrarttic
746 2888 804 2931 corr
818 2877 860 2932 est
867 2868 1096 2953 mesummda.

198 3015 252 3086 En
281 3040 358 3108 quae
390 3014 529 3108 publice
556 3025 719 3110 aguntur,
746 3026 783 3085 ct
811 3039 888 3107 quae
918 3016 997 3109 quis
1026 3016 1203 3111 indagare

147 3135 264 3216 debet,
283 3157 387 3203 nemo
405 3134 565 3227 ignorare
583 3142 756 3204 censetur.

197 3250 327 3322 Latere
354 3274 425 3320 non
453 3259 571 3343 potest
601 3249 744 3331 vicinos,
770 3247 863 3341 quod
890 3249 933 3319 ad
960 3270 1025 3319 nos
1055 3250 1093 3319 in
1120 3249 1202 3322 lon·
1219 3278 1275 3343 ¹²7

146 3367 278 3458 ginquo
305 3367 486 3458 pervenit;
521 3366 642 3436 ricinis
669 3366 763 3435 enim
790 3387 871 3434 cum
898 3386 953 3435 res
980 3386 1201 3455 praesumsu-

148 3489 207 3551 tur
237 3484 390 3554 notiores
420 3506 507 3565 esse,
536 3506 640 3574 quam
675 3482 830 3562 remotis,
860 3479 927 3551 illis
961 3503 1042 3551 cum
1073 3484 1200 3575 primis

149 3600 312 3669 creditur.

507 3711 583 3796 Cap.
600 3732 646 3776 rr.
672 3712 721 3776 Do
730 3713 834 3796 scrita.

198 3850 403 3921 Communis
429 3859 466 3921 et
491 3850 696 3945 pervulgate
722 3851 815 3922 fama
838 3850 882 3920 de
907 3848 1025 3942 aliquo
1050 3874 1196 3945 gravem

147 3965 282 4036 inducit
301 3967 618 4059 praesumptionem.

313 4107 319 4143 ¹
336 4124 530 4187 presumatur.
764 4110 775 4147 ²
790 4116 963 4190 probabilem
979 4135 1030 4172 om.
