<?xml version="1.0" encoding="UTF-8"?>
<!DOCTYPE html PUBLIC "-//W3C//DTD XHTML 1.0 Transitional//EN"
    "http://www.w3.org/TR/xhtml1/DTD/xhtml1-transitional.dtd">
<html xmlns="http://www.w3.org/1999/xhtml" xml:lang="en" lang="en">
 <head>
  <title>
</title>
<meta http-equiv="Content-Type" content="text/html;charset=utf-8" />
  <meta name='ocr-system' content='tesseract 3.04.00' />
  <meta name='ocr-capabilities' content='ocr_page ocr_carea ocr_par ocr_line ocrx_word'/>
</head>
<body>
  <div class='ocr_page' id='page_1' title='image "./reformationeccl01cardgoog_0301.png"; bbox 0 0 2692 4800; ppageno 0'>
   <div class='ocr_carea' id='block_1_1' title="bbox 147 252 1247 327">
    <p class='ocr_par' dir='ltr' id='par_1_1' title="bbox 147 252 1247 327">
     <span class='ocr_line' id='line_1_1' title="bbox 147 252 1247 327; baseline 0.002 -4"><span class='ocrx_word' id='word_1_1' title='bbox 147 255 220 323; x_wconf 76' lang='lat'><strong>2³4</strong></span> <span class='ocrx_word' id='word_1_2' title='bbox 596 271 646 322; x_wconf 82' lang='lat' dir='ltr'><strong>nr:</strong></span> <span class='ocrx_word' id='word_1_3' title='bbox 670 271 767 321; x_wconf 79' lang='lat' dir='ltr'><strong>riou</strong></span> <span class='ocrx_word' id='word_1_4' title='bbox 1203 252 1247 327; x_wconf 81' lang='lat' dir='ltr'><strong>ci</strong></span> 
     </span>
    </p>
   </div>
   <div class='ocr_carea' id='block_1_2' title="bbox 144 419 1189 750">
    <p class='ocr_par' dir='ltr' id='par_1_2' title="bbox 144 419 1189 750">
     <span class='ocr_line' id='line_1_2' title="bbox 144 419 1187 519; baseline 0.001 -25"><span class='ocrx_word' id='word_1_5' title='bbox 144 422 229 507; x_wconf 84' lang='lat' dir='ltr'><strong>viso,</strong></span> <span class='ocrx_word' id='word_1_6' title='bbox 246 445 288 493; x_wconf 90' lang='lat' dir='ltr'><strong>ac</strong></span> <span class='ocrx_word' id='word_1_7' title='bbox 313 419 500 516; x_wconf 88' lang='lat' dir='ltr'><strong>perlecto¹,</strong></span> <span class='ocrx_word' id='word_1_8' title='bbox 520 421 671 493; x_wconf 87' lang='lat' dir='ltr'><strong>sufficiat</strong></span> <span class='ocrx_word' id='word_1_9' title='bbox 697 444 819 493; x_wconf 85' lang='lat' dir='ltr'><strong>verum</strong></span> <span class='ocrx_word' id='word_1_10' title='bbox 840 422 951 516; x_wconf 86' lang='lat' dir='ltr'><strong>ipsius</strong></span> <span class='ocrx_word' id='word_1_11' title='bbox 975 422 1187 519; x_wconf 85' lang='lat' dir='ltr'><strong>exemplum,</strong></span> 
     </span>
     <span class='ocr_line' id='line_1_3' title="bbox 144 537 1189 631; baseline 0.001 -21"><span class='ocrx_word' id='word_1_12' title='bbox 144 537 298 610; x_wconf 85' lang='lat' dir='ltr'><strong>fideliter</strong></span> <span class='ocrx_word' id='word_1_13' title='bbox 320 561 403 610; x_wconf 92' lang='lat' dir='ltr'><strong>cum</strong></span> <span class='ocrx_word' id='word_1_14' title='bbox 428 537 587 631; x_wconf 75' lang='lat' dir='ltr'><strong>originali</strong></span> <span class='ocrx_word' id='word_1_15' title='bbox 617 539 836 610; x_wconf 74' lang='lat' dir='ltr'><strong>authoritate</strong></span> <span class='ocrx_word' id='word_1_16' title='bbox 857 539 990 631; x_wconf 87' lang='lat' dir='ltr'><strong>judicis</strong></span> <span class='ocrx_word' id='word_1_17' title='bbox 1014 538 1189 623; x_wconf 71' lang='lat' dir='ltr'><strong>conatum,</strong></span> 
     </span>
     <span class='ocr_line' id='line_1_4' title="bbox 145 655 666 750; baseline -0.012 -21"><span class='ocrx_word' id='word_1_18' title='bbox 145 657 233 729; x_wconf 90' lang='lat' dir='ltr'><strong>actis</strong></span> <span class='ocrx_word' id='word_1_19' title='bbox 243 656 370 750; x_wconf 91' lang='lat' dir='ltr'><strong>judicii</strong></span> <span class='ocrx_word' id='word_1_20' title='bbox 388 677 464 726; x_wconf 89' lang='lat' dir='ltr'><strong>csse</strong></span> <span class='ocrx_word' id='word_1_21' title='bbox 481 655 666 726; x_wconf 88' lang='lat' dir='ltr'><strong>insertum.</strong></span> 
     </span>
    </p>
   </div>
   <div class='ocr_carea' id='block_1_3' title="bbox 289 861 1050 950">
    <p class='ocr_par' dir='ltr' id='par_1_3' title="bbox 289 861 1050 950">
     <span class='ocr_line' id='line_1_5' title="bbox 289 861 1050 950; baseline 0 -21"><span class='ocrx_word' id='word_1_22' title='bbox 289 862 366 950; x_wconf 78' lang='lat' dir='ltr'><strong>Gap.</strong></span> <span class='ocrx_word' id='word_1_23' title='bbox 379 883 409 947; x_wconf 91' lang='lat'><strong>9.</strong></span> <span class='ocrx_word' id='word_1_24' title='bbox 433 863 636 927; x_wconf 75' lang='lat' dir='ltr'><strong>Ioatmmcato</strong></span> <span class='ocrx_word' id='word_1_25' title='bbox 650 862 773 949; x_wconf 81' lang='lat' dir='ltr'><strong>quando</strong></span> <span class='ocrx_word' id='word_1_26' title='bbox 785 861 952 929; x_wconf 62' lang='lat' dir='ltr'><strong>attendo</strong></span> <span class='ocrx_word' id='word_1_27' title='bbox 965 871 1050 929; x_wconf 69' lang='lat' dir='ltr'><strong>aum.</strong></span> 
     </span>
    </p>
   </div>
   <div class='ocr_carea' id='block_1_4' title="bbox 138 1008 1196 1683">
    <p class='ocr_par' dir='ltr' id='par_1_4' title="bbox 138 1008 1196 1683">
     <span class='ocr_line' id='line_1_6' title="bbox 196 1008 1194 1103; baseline 0.003 -22"><span class='ocrx_word' id='word_1_28' title='bbox 196 1008 449 1102; x_wconf 79' lang='lat' dir='ltr'><strong>Unusquisque</strong></span> <span class='ocrx_word' id='word_1_29' title='bbox 471 1010 708 1080; x_wconf 88' lang='lat' dir='ltr'><strong>instrumenta</strong></span> <span class='ocrx_word' id='word_1_30' title='bbox 730 1033 842 1103; x_wconf 85' lang='lat' dir='ltr'><strong>usque</strong></span> <span class='ocrx_word' id='word_1_31' title='bbox 863 1010 909 1081; x_wconf 91' lang='lat' dir='ltr'><strong>ad</strong></span> <span class='ocrx_word' id='word_1_32' title='bbox 931 1010 1194 1083; x_wconf 74' lang='lat' dir='ltr'><strong>conclusionem</strong></span> 
     </span>
     <span class='ocr_line' id='line_1_7' title="bbox 146 1124 1195 1218; baseline 0.004 -23"><span class='ocrx_word' id='word_1_33' title='bbox 146 1126 181 1195; x_wconf 93' lang='lat' dir='ltr'><strong>in</strong></span> <span class='ocrx_word' id='word_1_34' title='bbox 207 1147 322 1207; x_wconf 90' lang='lat' dir='ltr'><strong>causa,</strong></span> <span class='ocrx_word' id='word_1_35' title='bbox 350 1124 406 1195; x_wconf 85' lang='lat' dir='ltr'><strong>vel</strong></span> <span class='ocrx_word' id='word_1_36' title='bbox 431 1125 468 1195; x_wconf 91' lang='lat' dir='ltr'><strong>in</strong></span> <span class='ocrx_word' id='word_1_37' title='bbox 494 1125 620 1208; x_wconf 91' lang='lat' dir='ltr'><strong>causis,</strong></span> <span class='ocrx_word' id='word_1_38' title='bbox 646 1125 682 1194; x_wconf 91' lang='lat' dir='ltr'><strong>iu</strong></span> <span class='ocrx_word' id='word_1_39' title='bbox 708 1125 835 1218; x_wconf 88' lang='lat' dir='ltr'><strong>quibus</strong></span> <span class='ocrx_word' id='word_1_40' title='bbox 863 1149 935 1198; x_wconf 91' lang='lat' dir='ltr'><strong>nou</strong></span> <span class='ocrx_word' id='word_1_41' title='bbox 960 1126 1195 1211; x_wconf 88' lang='lat' dir='ltr'><strong>concluditur,</strong></span> 
     </span>
     <span class='ocr_line' id='line_1_8' title="bbox 146 1240 1196 1334; baseline 0.004 -22"><span class='ocrx_word' id='word_1_42' title='bbox 146 1241 329 1334; x_wconf 88' lang='lat' dir='ltr'><strong>usquead</strong></span> <span class='ocrx_word' id='word_1_43' title='bbox 358 1240 548 1312; x_wconf 89' lang='lat' dir='ltr'><strong>secundam</strong></span> <span class='ocrx_word' id='word_1_44' title='bbox 575 1242 716 1311; x_wconf 89' lang='lat' dir='ltr'><strong>termini</strong></span> <span class='ocrx_word' id='word_1_45' title='bbox 744 1242 790 1313; x_wconf 92' lang='lat' dir='ltr'><strong>ad</strong></span> <span class='ocrx_word' id='word_1_46' title='bbox 815 1242 1029 1314; x_wconf 89' lang='lat' dir='ltr'><strong>audiendam</strong></span> <span class='ocrx_word' id='word_1_47' title='bbox 1054 1252 1196 1316; x_wconf 90' lang='lat' dir='ltr'><strong>senten-</strong></span> 
     </span>
     <span class='ocr_line' id='line_1_9' title="bbox 146 1356 1195 1451; baseline 0.002 -22"><span class='ocrx_word' id='word_1_48' title='bbox 146 1359 234 1429; x_wconf 89' lang='lat' dir='ltr'><strong>tiam</strong></span> <span class='ocrx_word' id='word_1_49' title='bbox 271 1356 544 1451; x_wconf 78' lang='lat' dir='ltr'><strong>assignationem</strong></span> <span class='ocrx_word' id='word_1_50' title='bbox 579 1356 770 1428; x_wconf 85' lang='lat' dir='ltr'><strong>exhibendi</strong></span> <span class='ocrx_word' id='word_1_51' title='bbox 814 1357 1022 1430; x_wconf 88' lang='lat' dir='ltr'><strong>facultatem</strong></span> <span class='ocrx_word' id='word_1_52' title='bbox 1056 1359 1195 1431; x_wconf 86' lang='lat' dir='ltr'><strong>habeat.</strong></span> 
     </span>
     <span class='ocr_line' id='line_1_10' title="bbox 147 1471 1196 1570; baseline 0.001 -25"><span class='ocrx_word' id='word_1_53' title='bbox 147 1474 196 1545; x_wconf 88' lang='lat' dir='ltr'><strong>Et</strong></span> <span class='ocrx_word' id='word_1_54' title='bbox 218 1497 288 1545; x_wconf 91' lang='lat' dir='ltr'><strong>nou</strong></span> <span class='ocrx_word' id='word_1_55' title='bbox 309 1471 419 1566; x_wconf 83' lang='lat' dir='ltr'><strong>post²‚</strong></span> <span class='ocrx_word' id='word_1_56' title='bbox 436 1473 500 1543; x_wconf 91' lang='lat' dir='ltr'><strong>uisi</strong></span> <span class='ocrx_word' id='word_1_57' title='bbox 518 1472 642 1565; x_wconf 89' lang='lat' dir='ltr'><strong>judici,</strong></span> <span class='ocrx_word' id='word_1_58' title='bbox 661 1473 721 1566; x_wconf 94' lang='lat' dir='ltr'><strong>qui</strong></span> <span class='ocrx_word' id='word_1_59' title='bbox 745 1474 791 1544; x_wconf 89' lang='lat' dir='ltr'><strong>de</strong></span> <span class='ocrx_word' id='word_1_60' title='bbox 812 1498 917 1546; x_wconf 91' lang='lat' dir='ltr'><strong>causa</strong></span> <span class='ocrx_word' id='word_1_61' title='bbox 940 1475 1135 1570; x_wconf 80' lang='lat' dir='ltr'><strong>cognoscit,</strong></span> <span class='ocrx_word' id='word_1_62' title='bbox 1152 1500 1196 1548; x_wconf 86' lang='lat' dir='ltr'><strong>ex</strong></span> 
     </span>
     <span class='ocr_line' id='line_1_11' title="bbox 138 1587 745 1683; baseline -0.005 -21"><span class='ocrx_word' id='word_1_63' title='bbox 138 1592 237 1683; x_wconf 89' lang='lat' dir='ltr'><strong>justa</strong></span> <span class='ocrx_word' id='word_1_64' title='bbox 254 1613 359 1662; x_wconf 90' lang='lat' dir='ltr'><strong>causa</strong></span> <span class='ocrx_word' id='word_1_65' title='bbox 375 1588 479 1661; x_wconf 88' lang='lat' dir='ltr'><strong>aliter</strong></span> <span class='ocrx_word' id='word_1_66' title='bbox 496 1590 609 1659; x_wconf 87' lang='lat' dir='ltr'><strong>visum</strong></span> <span class='ocrx_word' id='word_1_67' title='bbox 628 1587 745 1660; x_wconf 86' lang='lat' dir='ltr'><strong>fuerit.</strong></span> 
     </span>
    </p>
   </div>
   <div class='ocr_carea' id='block_1_5' title="bbox 434 1798 905 1883">
    <p class='ocr_par' dir='ltr' id='par_1_5' title="bbox 434 1798 905 1883">
     <span class='ocr_line' id='line_1_12' title="bbox 434 1798 905 1883; baseline -0.008 -19"><span class='ocrx_word' id='word_1_68' title='bbox 434 1798 512 1883; x_wconf 78' lang='lat' dir='ltr'><strong>cap.</strong></span> <span class='ocrx_word' id='word_1_69' title='bbox 527 1816 575 1862; x_wconf 92' lang='lat'><strong>10.</strong></span> <span class='ocrx_word' id='word_1_70' title='bbox 601 1798 766 1861; x_wconf 75' lang='lat' dir='ltr'><strong>Contraria</strong></span> <span class='ocrx_word' id='word_1_71' title='bbox 780 1798 905 1883; x_wconf 75' lang='lat' dir='ltr'><strong>scripta.</strong></span> 
     </span>
    </p>
   </div>
   <div class='ocr_carea' id='block_1_6' title="bbox 145 1945 1205 2390">
    <p class='ocr_par' dir='ltr' id='par_1_6' title="bbox 145 1945 1205 2390">
     <span class='ocr_line' id='line_1_13' title="bbox 196 1945 1204 2040; baseline -0.001 -22"><span class='ocrx_word' id='word_1_72' title='bbox 196 1946 271 2019; x_wconf 88' lang='lat' dir='ltr'><strong>Sibi</strong></span> <span class='ocrx_word' id='word_1_73' title='bbox 306 1947 470 2040; x_wconf 82' lang='lat' dir='ltr'><strong>imputet,</strong></span> <span class='ocrx_word' id='word_1_74' title='bbox 500 1945 561 2037; x_wconf 93' lang='lat' dir='ltr'><strong>qui</strong></span> <span class='ocrx_word' id='word_1_75' title='bbox 594 1945 785 2015; x_wconf 86' lang='lat' dir='ltr'><strong>contrarias</strong></span> <span class='ocrx_word' id='word_1_76' title='bbox 814 1946 907 2014; x_wconf 88' lang='lat' dir='ltr'><strong>inter</strong></span> <span class='ocrx_word' id='word_1_77' title='bbox 936 1967 975 2015; x_wconf 89' lang='lat' dir='ltr'><strong>se</strong></span> <span class='ocrx_word' id='word_1_78' title='bbox 1008 1946 1204 2039; x_wconf 81' lang='lat' dir='ltr'><strong>scripturas</strong></span> 
     </span>
     <span class='ocr_line' id='line_1_14' title="bbox 145 2061 1205 2156; baseline 0.001 -23"><span class='ocrx_word' id='word_1_79' title='bbox 145 2062 329 2155; x_wconf 90' lang='lat' dir='ltr'><strong>injudicio</strong></span> <span class='ocrx_word' id='word_1_80' title='bbox 353 2061 550 2155; x_wconf 88' lang='lat' dir='ltr'><strong>protulerit,</strong></span> <span class='ocrx_word' id='word_1_81' title='bbox 568 2061 676 2131; x_wconf 84' lang='lat' dir='ltr'><strong>fidem</strong></span> <span class='ocrx_word' id='word_1_82' title='bbox 701 2061 766 2131; x_wconf 90' lang='lat' dir='ltr'><strong>sibi</strong></span> <span class='ocrx_word' id='word_1_83' title='bbox 788 2061 940 2131; x_wconf 89' lang='lat' dir='ltr'><strong>invicem</strong></span> <span class='ocrx_word' id='word_1_84' title='bbox 962 2061 1205 2156; x_wconf 81' lang='lat' dir='ltr'><strong>derogantes;</strong></span> 
     </span>
     <span class='ocr_line' id='line_1_15' title="bbox 145 2175 1197 2270; baseline 0.001 -19"><span class='ocrx_word' id='word_1_85' title='bbox 145 2203 228 2251; x_wconf 89' lang='lat' dir='ltr'><strong>curn</strong></span> <span class='ocrx_word' id='word_1_86' title='bbox 258 2179 294 2248; x_wconf 92' lang='lat' dir='ltr'><strong>in</strong></span> <span class='ocrx_word' id='word_1_87' title='bbox 321 2178 430 2270; x_wconf 92' lang='lat' dir='ltr'><strong>ipsius</strong></span> <span class='ocrx_word' id='word_1_88' title='bbox 459 2179 568 2249; x_wconf 85' lang='lat' dir='ltr'><strong>fuerit</strong></span> <span class='ocrx_word' id='word_1_89' title='bbox 595 2184 772 2270; x_wconf 81' lang='lat' dir='ltr'><strong>potestate</strong></span> <span class='ocrx_word' id='word_1_90' title='bbox 801 2199 907 2269; x_wconf 92' lang='lat' dir='ltr'><strong>quam</strong></span> <span class='ocrx_word' id='word_1_91' title='bbox 935 2175 1103 2248; x_wconf 84' lang='lat' dir='ltr'><strong>maluerit</strong></span> <span class='ocrx_word' id='word_1_92' title='bbox 1127 2202 1197 2254; x_wconf 90' lang='lat' dir='ltr'><strong>nou</strong></span> 
     </span>
     <span class='ocr_line' id='line_1_16' title="bbox 146 2296 311 2390; baseline -0.006 -24"><span class='ocrx_word' id='word_1_93' title='bbox 146 2296 311 2390; x_wconf 88' lang='lat' dir='ltr'><strong>proferre.</strong></span> 
     </span>
    </p>
   </div>
   <div class='ocr_carea' id='block_1_7' title="bbox 212 2502 1126 2590">
    <p class='ocr_par' dir='ltr' id='par_1_7' title="bbox 212 2502 1126 2590">
     <span class='ocr_line' id='line_1_17' title="bbox 212 2502 1126 2590; baseline -0.004 -19"><span class='ocrx_word' id='word_1_94' title='bbox 212 2504 291 2589; x_wconf 75' lang='lat' dir='ltr'><strong>Gap.</strong></span> <span class='ocrx_word' id='word_1_95' title='bbox 308 2524 356 2567; x_wconf 86' lang='lat'><strong>11.</strong></span> <span class='ocrx_word' id='word_1_96' title='bbox 380 2504 591 2567; x_wconf 74' lang='lat' dir='ltr'><strong>Instrumenta</strong></span> <span class='ocrx_word' id='word_1_97' title='bbox 603 2502 729 2590; x_wconf 81' lang='lat' dir='ltr'><strong>publica</strong></span> <span class='ocrx_word' id='word_1_98' title='bbox 743 2502 844 2567; x_wconf 70' lang='lat' dir='ltr'><strong>sabat</strong></span> <span class='ocrx_word' id='word_1_99' title='bbox 857 2502 985 2567; x_wconf 78' lang='lat' dir='ltr'><strong>mortuis</strong></span> <span class='ocrx_word' id='word_1_100' title='bbox 1000 2502 1126 2569; x_wconf 61' lang='lat' dir='ltr'><strong>aarum</strong></span> 
     </span>
    </p>
   </div>
   <div class='ocr_carea' id='block_1_8' title="bbox 146 2649 1182 2861">
    <p class='ocr_par' dir='ltr' id='par_1_8' title="bbox 146 2649 1182 2861">
     <span class='ocr_line' id='line_1_18' title="bbox 196 2649 1182 2743; baseline 0.003 -23"><span class='ocrx_word' id='word_1_101' title='bbox 196 2652 335 2743; x_wconf 86' lang='lat' dir='ltr'><strong>Scripta</strong></span> <span class='ocrx_word' id='word_1_102' title='bbox 352 2649 493 2742; x_wconf 87' lang='lat' dir='ltr'><strong>publica</strong></span> <span class='ocrx_word' id='word_1_103' title='bbox 514 2660 658 2742; x_wconf 87' lang='lat' dir='ltr'><strong>propter</strong></span> <span class='ocrx_word' id='word_1_104' title='bbox 674 2658 826 2719; x_wconf 91' lang='lat' dir='ltr'><strong>mortem</strong></span> <span class='ocrx_word' id='word_1_105' title='bbox 845 2652 991 2721; x_wconf 87' lang='lat' dir='ltr'><strong>testium</strong></span> <span class='ocrx_word' id='word_1_106' title='bbox 1010 2651 1045 2721; x_wconf 92' lang='lat' dir='ltr'><strong>in</strong></span> <span class='ocrx_word' id='word_1_107' title='bbox 1064 2652 1182 2724; x_wconf 89' lang='lat' dir='ltr'><strong>eisdem</strong></span> 
     </span>
     <span class='ocr_line' id='line_1_19' title="bbox 146 2767 999 2861; baseline -0.002 -23"><span class='ocrx_word' id='word_1_108' title='bbox 146 2771 400 2861; x_wconf 87' lang='lat' dir='ltr'><strong>descriptorum</strong></span> <span class='ocrx_word' id='word_1_109' title='bbox 419 2767 570 2837; x_wconf 86' lang='lat' dir='ltr'><strong>deficere</strong></span> <span class='ocrx_word' id='word_1_110' title='bbox 588 2767 685 2837; x_wconf 84' lang='lat' dir='ltr'><strong>nulia</strong></span> <span class='ocrx_word' id='word_1_111' title='bbox 704 2768 794 2837; x_wconf 90' lang='lat' dir='ltr'><strong>ratio</strong></span> <span class='ocrx_word' id='word_1_112' title='bbox 813 2768 999 2860; x_wconf 88' lang='lat' dir='ltr'><strong>permittit.</strong></span> 
     </span>
    </p>
   </div>
   <div class='ocr_carea' id='block_1_9' title="bbox 284 2974 1061 3061">
    <p class='ocr_par' dir='ltr' id='par_1_9' title="bbox 284 2974 1061 3061">
     <span class='ocr_line' id='line_1_20' title="bbox 284 2974 1061 3061; baseline 0 -21"><span class='ocrx_word' id='word_1_113' title='bbox 284 2976 361 3061; x_wconf 75' lang='lat' dir='ltr'><strong>Gap.</strong></span> <span class='ocrx_word' id='word_1_114' title='bbox 376 2996 425 3039; x_wconf 90' lang='lat'><strong>12.</strong></span> <span class='ocrx_word' id='word_1_115' title='bbox 448 2976 498 3039; x_wconf 83' lang='lat' dir='ltr'><strong>Da</strong></span> <span class='ocrx_word' id='word_1_116' title='bbox 512 2976 622 3039; x_wconf 74' lang='lat' dir='ltr'><strong>crustis</strong></span> <span class='ocrx_word' id='word_1_117' title='bbox 636 2985 691 3039; x_wconf 80' lang='lat' dir='ltr'><strong>ant</strong></span> <span class='ocrx_word' id='word_1_118' title='bbox 705 2974 827 3039; x_wconf 66' lang='lat' dir='ltr'><strong>amissis</strong></span> <span class='ocrx_word' id='word_1_119' title='bbox 841 2975 1061 3040; x_wconf 74' lang='lat' dir='ltr'><strong>instrumentis.</strong></span> 
     </span>
    </p>
   </div>
   <div class='ocr_carea' id='block_1_10' title="bbox 145 3115 1195 4024">
    <p class='ocr_par' dir='ltr' id='par_1_10' title="bbox 145 3115 1195 4024">
     <span class='ocr_line' id='line_1_21' title="bbox 198 3115 1187 3208; baseline 0.006 -27"><span class='ocrx_word' id='word_1_120' title='bbox 198 3116 300 3185; x_wconf 71' lang='lat' dir='ltr'><strong>Sicut</strong></span> <span class='ocrx_word' id='word_1_121' title='bbox 324 3117 484 3208; x_wconf 90' lang='lat' dir='ltr'><strong>iniquum</strong></span> <span class='ocrx_word' id='word_1_122' title='bbox 509 3125 574 3196; x_wconf 89' lang='lat' dir='ltr'><strong>est,</strong></span> <span class='ocrx_word' id='word_1_123' title='bbox 593 3115 840 3186; x_wconf 86' lang='lat' dir='ltr'><strong>instrumentis</strong></span> <span class='ocrx_word' id='word_1_124' title='bbox 864 3116 898 3185; x_wconf 92' lang='lat' dir='ltr'><strong>vi</strong></span> <span class='ocrx_word' id='word_1_125' title='bbox 922 3115 1014 3208; x_wconf 83' lang='lat' dir='ltr'><strong>iguis</strong></span> <span class='ocrx_word' id='word_1_126' title='bbox 1034 3139 1187 3187; x_wconf 89' lang='lat' dir='ltr'><strong>consum·</strong></span> 
     </span>
     <span class='ocr_line' id='line_1_22' title="bbox 145 3230 1187 3324; baseline 0.002 -23"><span class='ocrx_word' id='word_1_127' title='bbox 145 3234 226 3324; x_wconf 88' lang='lat' dir='ltr'><strong>ptis,</strong></span> <span class='ocrx_word' id='word_1_128' title='bbox 257 3231 434 3302; x_wconf 86' lang='lat' dir='ltr'><strong>debitores</strong></span> <span class='ocrx_word' id='word_1_129' title='bbox 459 3255 608 3302; x_wconf 83' lang='lat' dir='ltr'><strong>renuere</strong></span> <span class='ocrx_word' id='word_1_130' title='bbox 637 3230 863 3318; x_wconf 90' lang='lat' dir='ltr'><strong>solutionem,</strong></span> <span class='ocrx_word' id='word_1_131' title='bbox 893 3232 944 3301; x_wconf 90' lang='lat' dir='ltr'><strong>ita</strong></span> <span class='ocrx_word' id='word_1_132' title='bbox 973 3254 1044 3301; x_wconf 93' lang='lat' dir='ltr'><strong>uon</strong></span> <span class='ocrx_word' id='word_1_133' title='bbox 1075 3235 1187 3303; x_wconf 87' lang='lat' dir='ltr'><strong>statim</strong></span> 
     </span>
     <span class='ocr_line' id='line_1_23' title="bbox 145 3348 1189 3439; baseline 0.003 -21"><span class='ocrx_word' id='word_1_134' title='bbox 145 3370 265 3419; x_wconf 89' lang='lat' dir='ltr'><strong>casum</strong></span> <span class='ocrx_word' id='word_1_135' title='bbox 296 3348 593 3439; x_wconf 86' lang='lat' dir='ltr'><strong>conquerentibus</strong></span> <span class='ocrx_word' id='word_1_136' title='bbox 623 3349 727 3418; x_wconf 84' lang='lat' dir='ltr'><strong>facile</strong></span> <span class='ocrx_word' id='word_1_137' title='bbox 758 3349 974 3419; x_wconf 88' lang='lat' dir='ltr'><strong>credendum</strong></span> <span class='ocrx_word' id='word_1_138' title='bbox 1006 3360 1072 3421; x_wconf 87' lang='lat' dir='ltr'><strong>est.</strong></span> <span class='ocrx_word' id='word_1_139' title='bbox 1135 3350 1189 3421; x_wconf 92' lang='lat' dir='ltr'><strong>Iu·</strong></span> 
     </span>
     <span class='ocr_line' id='line_1_24' title="bbox 146 3464 1190 3558; baseline -0.002 -20"><span class='ocrx_word' id='word_1_140' title='bbox 146 3464 306 3558; x_wconf 86' lang='lat' dir='ltr'><strong>telligere</strong></span> <span class='ocrx_word' id='word_1_141' title='bbox 330 3466 451 3556; x_wconf 88' lang='lat' dir='ltr'><strong>itaque</strong></span> <span class='ocrx_word' id='word_1_142' title='bbox 475 3465 621 3547; x_wconf 89' lang='lat' dir='ltr'><strong>debetis,</strong></span> <span class='ocrx_word' id='word_1_143' title='bbox 639 3488 709 3535; x_wconf 91' lang='lat' dir='ltr'><strong>non</strong></span> <span class='ocrx_word' id='word_1_144' title='bbox 728 3466 963 3537; x_wconf 86' lang='lat' dir='ltr'><strong>existentibus</strong></span> <span class='ocrx_word' id='word_1_145' title='bbox 984 3468 1190 3538; x_wconf 90' lang='lat' dir='ltr'><strong>instrumen-</strong></span> 
     </span>
     <span class='ocr_line' id='line_1_25' title="bbox 147 3579 1192 3676; baseline 0.004 -26"><span class='ocrx_word' id='word_1_146' title='bbox 147 3581 202 3665; x_wconf 90' lang='lat' dir='ltr'><strong>tis,</strong></span> <span class='ocrx_word' id='word_1_147' title='bbox 229 3579 306 3650; x_wconf 86' lang='lat' dir='ltr'><strong>aiiis</strong></span> <span class='ocrx_word' id='word_1_148' title='bbox 336 3582 554 3675; x_wconf 86' lang='lat' dir='ltr'><strong>argumentis</strong></span> <span class='ocrx_word' id='word_1_149' title='bbox 584 3582 731 3674; x_wconf 91' lang='lat' dir='ltr'><strong>probare</strong></span> <span class='ocrx_word' id='word_1_150' title='bbox 761 3582 891 3653; x_wconf 85' lang='lat' dir='ltr'><strong>debere</strong></span> <span class='ocrx_word' id='word_1_151' title='bbox 919 3582 1026 3652; x_wconf 89' lang='lat' dir='ltr'><strong>fidem</strong></span> <span class='ocrx_word' id='word_1_152' title='bbox 1054 3584 1192 3676; x_wconf 89' lang='lat' dir='ltr'><strong>petitio·</strong></span> 
     </span>
     <span class='ocr_line' id='line_1_26' title="bbox 147 3698 1194 3794; baseline 0.006 -28"><span class='ocrx_word' id='word_1_153' title='bbox 147 3698 249 3768; x_wconf 91' lang='lat' dir='ltr'><strong>nibus</strong></span> <span class='ocrx_word' id='word_1_154' title='bbox 278 3698 410 3768; x_wconf 86' lang='lat' dir='ltr'><strong>adesse.</strong></span> <span class='ocrx_word' id='word_1_155' title='bbox 463 3698 571 3790; x_wconf 91' lang='lat' dir='ltr'><strong>Apud</strong></span> <span class='ocrx_word' id='word_1_156' title='bbox 603 3700 757 3790; x_wconf 77' lang='lat' dir='ltr'><strong>eosqui</strong></span> <span class='ocrx_word' id='word_1_157' title='bbox 790 3721 862 3768; x_wconf 87' lang='lat' dir='ltr'><strong>rem</strong></span> <span class='ocrx_word' id='word_1_158' title='bbox 892 3707 1030 3791; x_wconf 85' lang='lat' dir='ltr'><strong>gestam</strong></span> <span class='ocrx_word' id='word_1_159' title='bbox 1059 3701 1194 3794; x_wconf 86' lang='lat' dir='ltr'><strong>ignora·</strong></span> 
     </span>
     <span class='ocr_line' id='line_1_27' title="bbox 147 3814 1195 3896; baseline 0.005 -14"><span class='ocrx_word' id='word_1_160' title='bbox 147 3824 283 3896; x_wconf 83' lang='lat' dir='ltr'><strong>verunt,</strong></span> <span class='ocrx_word' id='word_1_161' title='bbox 314 3815 520 3884; x_wconf 90' lang='lat' dir='ltr'><strong>amissorum</strong></span> <span class='ocrx_word' id='word_1_162' title='bbox 554 3816 868 3885; x_wconf 88' lang='lat' dir='ltr'><strong>instrumentorum</strong></span> <span class='ocrx_word' id='word_1_163' title='bbox 899 3814 1021 3884; x_wconf 88' lang='lat' dir='ltr'><strong>habita</strong></span> <span class='ocrx_word' id='word_1_164' title='bbox 1052 3819 1195 3889; x_wconf 87' lang='lat' dir='ltr'><strong>testatio</strong></span> 
     </span>
     <span class='ocr_line' id='line_1_28' title="bbox 146 3930 1067 4024; baseline 0.002 -24"><span class='ocrx_word' id='word_1_165' title='bbox 146 3930 231 4001; x_wconf 88' lang='lat' dir='ltr'><strong>nihii</strong></span> <span class='ocrx_word' id='word_1_166' title='bbox 252 3931 295 4003; x_wconf 89' lang='lat' dir='ltr'><strong>ad</strong></span> <span class='ocrx_word' id='word_1_167' title='bbox 315 3930 557 4023; x_wconf 88' lang='lat' dir='ltr'><strong>probationem</strong></span> <span class='ocrx_word' id='word_1_168' title='bbox 579 3931 736 4001; x_wconf 81' lang='lat' dir='ltr'><strong>veritatis</strong></span> <span class='ocrx_word' id='word_1_169' title='bbox 754 3932 918 4024; x_wconf 86' lang='lat' dir='ltr'><strong>prodesse</strong></span> <span class='ocrx_word' id='word_1_170' title='bbox 936 3940 1067 4022; x_wconf 88' lang='lat' dir='ltr'><strong>potest.</strong></span> 
     </span>
    </p>
   </div>
   <div class='ocr_carea' id='block_1_11' title="bbox 366 4138 979 4217">
    <p class='ocr_par' dir='ltr' id='par_1_11' title="bbox 366 4138 979 4217">
     <span class='ocr_line' id='line_1_29' title="bbox 366 4138 979 4217; baseline 0.008 -22"><span class='ocrx_word' id='word_1_171' title='bbox 366 4138 373 4176; x_wconf 86' lang='lat'><strong>¹</strong></span> <span class='ocrx_word' id='word_1_172' title='bbox 390 4141 530 4215; x_wconf 66' lang='lat' dir='ltr'><strong>praelecto.</strong></span> <span class='ocrx_word' id='word_1_173' title='bbox 779 4139 862 4197; x_wconf 73' lang='lat' dir='ltr'><strong>²uon</strong></span> <span class='ocrx_word' id='word_1_174' title='bbox 877 4153 979 4217; x_wconf 82' lang='lat' dir='ltr'><strong>potest.</strong></span> 
     </span>
    </p>
   </div>
   <div class='ocr_carea' id='block_1_12' title="bbox 0 0 1359 4800">
    <p class='ocr_par' dir='ltr' id='par_1_12' title="bbox 0 0 1359 4800">
     <span class='ocr_line' id='line_1_30' title="bbox 0 0 1359 4800; baseline 0 0"><span class='ocrx_word' id='word_1_175' title='bbox 0 0 1359 4800; x_wconf 95' lang='lat' dir='ltr'><strong> </strong></span> 
     </span>
    </p>
   </div>
  </div>
 </body>
</html>
