<?xml version="1.0" encoding="UTF-8"?>
<!DOCTYPE html PUBLIC "-//W3C//DTD XHTML 1.0 Transitional//EN"
    "http://www.w3.org/TR/xhtml1/DTD/xhtml1-transitional.dtd">
<html xmlns="http://www.w3.org/1999/xhtml" xml:lang="en" lang="en">
 <head>
  <title>
</title>
<meta http-equiv="Content-Type" content="text/html;charset=utf-8" />
  <meta name='ocr-system' content='tesseract 3.04.00' />
  <meta name='ocr-capabilities' content='ocr_page ocr_carea ocr_par ocr_line ocrx_word'/>
</head>
<body>
  <div class='ocr_page' id='page_1' title='image "./reformationeccl01cardgoog_0373.png"; bbox 0 0 2692 4800; ppageno 0'>
   <div class='ocr_carea' id='block_1_1' title="bbox 151 296 884 381">
    <p class='ocr_par' dir='ltr' id='par_1_1' title="bbox 151 296 884 381">
     <span class='ocr_line' id='line_1_1' title="bbox 151 296 884 381; baseline -0.01 0"><span class='ocrx_word' id='word_1_1' title='bbox 151 310 224 381; x_wconf 80' lang='grc'>306</span> <span class='ocrx_word' id='word_1_2' title='bbox 468 330 516 379; x_wconf 84' lang='lat' dir='ltr'>nn</span> <span class='ocrx_word' id='word_1_3' title='bbox 542 296 884 378; x_wconf 73' lang='lat' dir='ltr'>sncumsmonmus.</span> 
     </span>
    </p>
   </div>
   <div class='ocr_carea' id='block_1_2' title="bbox 147 479 1203 1038">
    <p class='ocr_par' dir='ltr' id='par_1_2' title="bbox 147 479 1203 1038">
     <span class='ocr_line' id='line_1_2' title="bbox 149 479 1203 575; baseline -0.003 -23"><span class='ocrx_word' id='word_1_4' title='bbox 149 493 292 575; x_wconf 89' lang='lat' dir='ltr'>propter</span> <span class='ocrx_word' id='word_1_5' title='bbox 321 482 388 551; x_wconf 92' lang='lat' dir='ltr'>hoc</span> <span class='ocrx_word' id='word_1_6' title='bbox 412 481 676 573; x_wconf 89' lang='lat' dir='ltr'>justificabitur,</span> <span class='ocrx_word' id='word_1_7' title='bbox 704 479 790 549; x_wconf 91' lang='lat' dir='ltr'>licet</span> <span class='ocrx_word' id='word_1_8' title='bbox 819 479 950 550; x_wconf 87' lang='lat' dir='ltr'>veritas</span> <span class='ocrx_word' id='word_1_9' title='bbox 980 479 1203 571; x_wconf 76' lang='lat' dir='ltr'><strong>exceptionis</strong></span> 
     </span>
     <span class='ocr_line' id='line_1_3' title="bbox 149 592 1203 689; baseline -0.004 -21"><span class='ocrx_word' id='word_1_10' title='bbox 149 621 220 668; x_wconf 92' lang='lat' dir='ltr'>non</span> <span class='ocrx_word' id='word_1_11' title='bbox 249 597 427 689; x_wconf 82' lang='lat' dir='ltr'><strong>probetur.</strong></span> <span class='ocrx_word' id='word_1_12' title='bbox 490 594 576 665; x_wconf 92' lang='lat' dir='ltr'>Nou</span> <span class='ocrx_word' id='word_1_13' title='bbox 607 604 728 664; x_wconf 89' lang='lat' dir='ltr'>tamen</span> <span class='ocrx_word' id='word_1_14' title='bbox 757 593 920 664; x_wconf 85' lang='lat' dir='ltr'>volumus</span> <span class='ocrx_word' id='word_1_15' title='bbox 950 592 1114 664; x_wconf 87' lang='lat' dir='ltr'>sufficere</span> <span class='ocrx_word' id='word_1_16' title='bbox 1143 616 1203 686; x_wconf 86' lang='lat' dir='ltr'>ap·</span> 
     </span>
     <span class='ocr_line' id='line_1_4' title="bbox 148 708 1203 807; baseline -0.004 -25"><span class='ocrx_word' id='word_1_17' title='bbox 148 712 305 807; x_wconf 82' lang='lat' dir='ltr'>pellenti,</span> <span class='ocrx_word' id='word_1_18' title='bbox 329 715 357 782; x_wconf 91' lang='lat' dir='ltr'>si</span> <span class='ocrx_word' id='word_1_19' title='bbox 384 713 479 783; x_wconf 89' lang='lat' dir='ltr'>dicat</span> <span class='ocrx_word' id='word_1_20' title='bbox 505 734 543 782; x_wconf 90' lang='lat' dir='ltr'>se</span> <span class='ocrx_word' id='word_1_21' title='bbox 568 711 753 782; x_wconf 80' lang='lat' dir='ltr'>materiam</span> <span class='ocrx_word' id='word_1_22' title='bbox 775 711 850 781; x_wconf 85' lang='lat' dir='ltr'>sive</span> <span class='ocrx_word' id='word_1_23' title='bbox 875 709 1128 803; x_wconf 80' lang='lat' dir='ltr'>exceptionem</span> <span class='ocrx_word' id='word_1_24' title='bbox 1155 708 1203 779; x_wconf 91' lang='lat' dir='ltr'>le·</span> 
     </span>
     <span class='ocr_line' id='line_1_5' title="bbox 147 824 1203 922; baseline -0.003 -24"><span class='ocrx_word' id='word_1_25' title='bbox 147 829 309 922; x_wconf 91' lang='lat' dir='ltr'>gitimam</span> <span class='ocrx_word' id='word_1_26' title='bbox 331 838 368 898; x_wconf 89' lang='lat' dir='ltr'>et</span> <span class='ocrx_word' id='word_1_27' title='bbox 386 852 505 898; x_wconf 90' lang='lat' dir='ltr'>veram</span> <span class='ocrx_word' id='word_1_28' title='bbox 527 827 746 922; x_wconf 83' lang='lat' dir='ltr'>proposuisse</span> <span class='ocrx_word' id='word_1_29' title='bbox 769 835 807 897; x_wconf 88' lang='lat' dir='ltr'>ct</span> <span class='ocrx_word' id='word_1_30' title='bbox 828 824 1034 920; x_wconf 80' lang='lat' dir='ltr'>appellasse,</span> <span class='ocrx_word' id='word_1_31' title='bbox 1052 824 1121 894; x_wconf 90' lang='lat' dir='ltr'>nisi</span> <span class='ocrx_word' id='word_1_32' title='bbox 1142 824 1203 895; x_wconf 89' lang='lat' dir='ltr'>do·</span> 
     </span>
     <span class='ocr_line' id='line_1_6' title="bbox 148 939 1176 1038; baseline -0.004 -24"><span class='ocrx_word' id='word_1_33' title='bbox 148 953 228 1014; x_wconf 88' lang='lat' dir='ltr'>cest</span> <span class='ocrx_word' id='word_1_34' title='bbox 245 953 387 1038; x_wconf 89' lang='lat' dir='ltr'>propter</span> <span class='ocrx_word' id='word_1_35' title='bbox 404 945 651 1036; x_wconf 80' lang='lat' dir='ltr'>exceptionem</span> <span class='ocrx_word' id='word_1_36' title='bbox 669 965 740 1012; x_wconf 90' lang='lat' dir='ltr'>non</span> <span class='ocrx_word' id='word_1_37' title='bbox 761 941 949 1012; x_wconf 82' lang='lat' dir='ltr'>admissam</span> <span class='ocrx_word' id='word_1_38' title='bbox 967 939 1176 1034; x_wconf 82' lang='lat' dir='ltr'>appellasse.</span> 
     </span>
    </p>
   </div>
   <div class='ocr_carea' id='block_1_3' title="bbox 139 1170 1236 1626">
    <p class='ocr_par' dir='ltr' id='par_1_3' title="bbox 139 1170 1236 1626">
     <span class='ocr_line' id='line_1_7' title="bbox 197 1170 1236 1260; baseline -0.005 -22"><span class='ocrx_word' id='word_1_39' title='bbox 197 1174 274 1260; x_wconf 80' lang='lat' dir='ltr'>Cap.</span> <span class='ocrx_word' id='word_1_40' title='bbox 289 1194 339 1259; x_wconf 86' lang='lat'>23.</span> <span class='ocrx_word' id='word_1_41' title='bbox 363 1175 537 1259; x_wconf 72' lang='lat' dir='ltr'>Justisieoto</span> <span class='ocrx_word' id='word_1_42' title='bbox 551 1172 763 1260; x_wconf 78' lang='lat' dir='ltr'>oppslhliono,</span> <span class='ocrx_word' id='word_1_43' title='bbox 778 1195 838 1238; x_wconf 81' lang='lat' dir='ltr'>non</span> <span class='ocrx_word' id='word_1_44' title='bbox 851 1170 1034 1258; x_wconf 78' lang='lat' dir='ltr'>estprodota</span> <span class='ocrx_word' id='word_1_45' title='bbox 1049 1170 1084 1236; x_wconf 81' lang='lat' dir='ltr'>od</span> <span class='ocrx_word' id='word_1_46' title='bbox 1099 1172 1138 1235; x_wconf 84' lang='lat' dir='ltr'>id</span> <span class='ocrx_word' id='word_1_47' title='bbox 1144 1180 1152 1215; x_wconf 87' lang='lat'>¹</span> <span class='ocrx_word' id='word_1_48' title='bbox 1213 1190 1236 1233; x_wconf 83' lang='lat' dir='ltr'>n</span> 
     </span>
     <span class='ocr_line' id='line_1_8' title="bbox 602 1278 744 1364; baseline 0 -23"><span class='ocrx_word' id='word_1_49' title='bbox 602 1278 744 1364; x_wconf 63' lang='lat' dir='ltr'>exceptio.</span> 
     </span>
     <span class='ocr_line' id='line_1_9' title="bbox 198 1416 1200 1509; baseline 0.001 -24"><span class='ocrx_word' id='word_1_50' title='bbox 198 1416 456 1486; x_wconf 87' lang='lat' dir='ltr'>Constituimus</span> <span class='ocrx_word' id='word_1_51' title='bbox 474 1423 653 1508; x_wconf 86' lang='lat' dir='ltr'>praeterea,</span> <span class='ocrx_word' id='word_1_52' title='bbox 671 1425 715 1487; x_wconf 91' lang='lat' dir='ltr'>ut</span> <span class='ocrx_word' id='word_1_53' title='bbox 731 1416 812 1487; x_wconf 89' lang='lat' dir='ltr'>talis</span> <span class='ocrx_word' id='word_1_54' title='bbox 830 1416 963 1487; x_wconf 90' lang='lat' dir='ltr'>oblatio</span> <span class='ocrx_word' id='word_1_55' title='bbox 980 1416 1200 1509; x_wconf 88' lang='lat' dir='ltr'>probationis</span> 
     </span>
     <span class='ocr_line' id='line_1_10' title="bbox 139 1529 1199 1626; baseline 0.002 -25"><span class='ocrx_word' id='word_1_56' title='bbox 139 1532 316 1626; x_wconf 85' lang='lat' dir='ltr'>justificet</span> <span class='ocrx_word' id='word_1_57' title='bbox 341 1529 455 1601; x_wconf 91' lang='lat' dir='ltr'>solum</span> <span class='ocrx_word' id='word_1_58' title='bbox 482 1531 768 1625; x_wconf 80' lang='lat' dir='ltr'>appellationem,</span> <span class='ocrx_word' id='word_1_59' title='bbox 789 1533 906 1625; x_wconf 86' lang='lat' dir='ltr'>quood</span> <span class='ocrx_word' id='word_1_60' title='bbox 932 1532 1199 1603; x_wconf 81' lang='lat' dir='ltr'>devolutionem</span> 
     </span>
    </p>
   </div>
   <div class='ocr_carea' id='block_1_4' title="bbox 146 1649 1200 1856">
    <p class='ocr_par' dir='ltr' id='par_1_4' title="bbox 146 1649 1200 1856">
     <span class='ocr_line' id='line_1_11' title="bbox 147 1649 1200 1743; baseline 0.002 -25"><span class='ocrx_word' id='word_1_61' title='bbox 147 1670 268 1731; x_wconf 86' lang='lat' dir='ltr'>causae,</span> <span class='ocrx_word' id='word_1_62' title='bbox 287 1671 357 1718; x_wconf 91' lang='lat' dir='ltr'>non</span> <span class='ocrx_word' id='word_1_63' title='bbox 380 1656 501 1718; x_wconf 90' lang='lat' dir='ltr'>autem</span> <span class='ocrx_word' id='word_1_64' title='bbox 524 1656 567 1718; x_wconf 92' lang='lat' dir='ltr'>ut</span> <span class='ocrx_word' id='word_1_65' title='bbox 587 1650 750 1743; x_wconf 83' lang='lat' dir='ltr'>exceptio</span> <span class='ocrx_word' id='word_1_66' title='bbox 774 1649 946 1721; x_wconf 86' lang='lat' dir='ltr'>habeatur</span> <span class='ocrx_word' id='word_1_67' title='bbox 967 1672 1030 1741; x_wconf 94' lang='lat' dir='ltr'>pro</span> <span class='ocrx_word' id='word_1_68' title='bbox 1051 1649 1200 1742; x_wconf 86' lang='lat' dir='ltr'>probata</span> 
     </span>
     <span class='ocr_line' id='line_1_12' title="bbox 146 1763 748 1856; baseline 0.002 -25"><span class='ocrx_word' id='word_1_69' title='bbox 146 1763 182 1832; x_wconf 92' lang='lat' dir='ltr'>in</span> <span class='ocrx_word' id='word_1_70' title='bbox 200 1763 441 1856; x_wconf 85' lang='lat' dir='ltr'>praejudicium</span> <span class='ocrx_word' id='word_1_71' title='bbox 459 1766 568 1856; x_wconf 90' lang='lat' dir='ltr'>partis</span> <span class='ocrx_word' id='word_1_72' title='bbox 584 1764 748 1835; x_wconf 85' lang='lat' dir='ltr'>adversae.</span> 
     </span>
    </p>
   </div>
   <div class='ocr_carea' id='block_1_5' title="bbox 143 1986 1198 3258">
    <p class='ocr_par' dir='ltr' id='par_1_5' title="bbox 206 1986 1143 2074">
     <span class='ocr_line' id='line_1_13' title="bbox 206 1986 1143 2074; baseline 0.001 -23"><span class='ocrx_word' id='word_1_73' title='bbox 206 1987 283 2073; x_wconf 80' lang='lat' dir='ltr'>Gap.</span> <span class='ocrx_word' id='word_1_74' title='bbox 299 2007 348 2069; x_wconf 84' lang='lat'>24.</span> <span class='ocrx_word' id='word_1_75' title='bbox 375 1986 417 2052; x_wconf 81' lang='lat' dir='ltr'>Ob</span> <span class='ocrx_word' id='word_1_76' title='bbox 432 2009 507 2074; x_wconf 80' lang='lat' dir='ltr'>quos</span> <span class='ocrx_word' id='word_1_77' title='bbox 521 1988 603 2052; x_wconf 82' lang='lat' dir='ltr'>alios</span> <span class='ocrx_word' id='word_1_78' title='bbox 619 1988 752 2074; x_wconf 59' lang='lat' dir='ltr'>injurios</span> <span class='ocrx_word' id='word_1_79' title='bbox 766 1999 794 2053; x_wconf 79' lang='lat' dir='ltr'>ot</span> <span class='ocrx_word' id='word_1_80' title='bbox 809 1987 1015 2054; x_wconf 77' lang='lat' dir='ltr'>cavillationes</span> <span class='ocrx_word' id='word_1_81' title='bbox 1018 1987 1143 2072; x_wconf 62' lang='lat' dir='ltr'>sedem</span> 
     </span>
    </p>

    <p class='ocr_par' dir='ltr' id='par_1_6' title="bbox 503 2091 846 2179">
     <span class='ocr_line' id='line_1_14' title="bbox 503 2091 846 2179; baseline -0.003 -23"><span class='ocrx_word' id='word_1_82' title='bbox 503 2091 572 2156; x_wconf 79' lang='lat' dir='ltr'>licet</span> <span class='ocrx_word' id='word_1_83' title='bbox 584 2091 622 2157; x_wconf 81' lang='lat' dir='ltr'>ab</span> <span class='ocrx_word' id='word_1_84' title='bbox 636 2115 667 2157; x_wconf 86' lang='lat' dir='ltr'>eo</span> <span class='ocrx_word' id='word_1_85' title='bbox 681 2092 846 2179; x_wconf 78' lang='lat' dir='ltr'>appellare.</span> 
     </span>
    </p>

    <p class='ocr_par' dir='ltr' id='par_1_7' title="bbox 143 2229 1198 3258">
     <span class='ocr_line' id='line_1_15' title="bbox 195 2229 1198 2324; baseline 0.001 -24"><span class='ocrx_word' id='word_1_86' title='bbox 195 2229 370 2302; x_wconf 85' lang='lat' dir='ltr'>Praeterea</span> <span class='ocrx_word' id='word_1_87' title='bbox 395 2232 424 2302; x_wconf 92' lang='lat' dir='ltr'>si</span> <span class='ocrx_word' id='word_1_88' title='bbox 445 2231 560 2324; x_wconf 88' lang='lat' dir='ltr'>judex</span> <span class='ocrx_word' id='word_1_89' title='bbox 591 2230 760 2323; x_wconf 89' lang='lat' dir='ltr'>procedat</span> <span class='ocrx_word' id='word_1_90' title='bbox 789 2229 1040 2312; x_wconf 89' lang='lat' dir='ltr'>adulteriora,</span> <span class='ocrx_word' id='word_1_91' title='bbox 1069 2252 1198 2323; x_wconf 88' lang='lat' dir='ltr'>excep-</span> 
     </span>
     <span class='ocr_line' id='line_1_16' title="bbox 145 2342 1197 2438; baseline -0.005 -22"><span class='ocrx_word' id='word_1_92' title='bbox 145 2348 243 2417; x_wconf 87' lang='lat' dir='ltr'>tione</span> <span class='ocrx_word' id='word_1_93' title='bbox 269 2346 326 2416; x_wconf 92' lang='lat' dir='ltr'>vel</span> <span class='ocrx_word' id='word_1_94' title='bbox 352 2346 501 2416; x_wconf 87' lang='lat' dir='ltr'>materia</span> <span class='ocrx_word' id='word_1_95' title='bbox 525 2343 699 2438; x_wconf 86' lang='lat' dir='ltr'>neglecta,</span> <span class='ocrx_word' id='word_1_96' title='bbox 721 2342 806 2414; x_wconf 88' lang='lat' dir='ltr'>licet</span> <span class='ocrx_word' id='word_1_97' title='bbox 831 2365 995 2436; x_wconf 84' lang='lat' dir='ltr'>expresse</span> <span class='ocrx_word' id='word_1_98' title='bbox 1020 2364 1102 2413; x_wconf 87' lang='lat' dir='ltr'>eam</span> <span class='ocrx_word' id='word_1_99' title='bbox 1127 2365 1197 2413; x_wconf 93' lang='lat' dir='ltr'>non</span> 
     </span>
     <span class='ocr_line' id='line_1_17' title="bbox 144 2461 1197 2557; baseline -0.002 -23"><span class='ocrx_word' id='word_1_100' title='bbox 144 2464 327 2557; x_wconf 89' lang='lat' dir='ltr'>repulerit,</span> <span class='ocrx_word' id='word_1_101' title='bbox 346 2475 464 2557; x_wconf 90' lang='lat' dir='ltr'>potest</span> <span class='ocrx_word' id='word_1_102' title='bbox 489 2465 533 2534; x_wconf 89' lang='lat' dir='ltr'>ab</span> <span class='ocrx_word' id='word_1_103' title='bbox 557 2486 599 2535; x_wconf 90' lang='lat' dir='ltr'>eo</span> <span class='ocrx_word' id='word_1_104' title='bbox 623 2461 803 2555; x_wconf 87' lang='lat' dir='ltr'>appellari.</span> <span class='ocrx_word' id='word_1_105' title='bbox 856 2461 915 2532; x_wconf 87' lang='lat' dir='ltr'>Ad</span> <span class='ocrx_word' id='word_1_106' title='bbox 941 2463 1016 2534; x_wconf 89' lang='lat' dir='ltr'>haec</span> <span class='ocrx_word' id='word_1_107' title='bbox 1037 2464 1197 2555; x_wconf 89' lang='lat' dir='ltr'>sijudex</span> 
     </span>
     <span class='ocr_line' id='line_1_18' title="bbox 145 2580 1197 2673; baseline 0.001 -25"><span class='ocrx_word' id='word_1_108' title='bbox 145 2603 215 2649; x_wconf 89' lang='lat' dir='ltr'>non</span> <span class='ocrx_word' id='word_1_109' title='bbox 239 2583 408 2673; x_wconf 89' lang='lat' dir='ltr'>procedat</span> <span class='ocrx_word' id='word_1_110' title='bbox 433 2582 478 2651; x_wconf 87' lang='lat' dir='ltr'>ad</span> <span class='ocrx_word' id='word_1_111' title='bbox 506 2581 681 2661; x_wconf 86' lang='lat' dir='ltr'>ulteriora,</span> <span class='ocrx_word' id='word_1_112' title='bbox 700 2580 761 2649; x_wconf 91' lang='lat' dir='ltr'>sed</span> <span class='ocrx_word' id='word_1_113' title='bbox 785 2580 1012 2672; x_wconf 88' lang='lat' dir='ltr'>supersedeat</span> <span class='ocrx_word' id='word_1_114' title='bbox 1036 2581 1197 2650; x_wconf 90' lang='lat' dir='ltr'>vexando</span> 
     </span>
     <span class='ocr_line' id='line_1_19' title="bbox 146 2699 1196 2790; baseline 0 -23"><span class='ocrx_word' id='word_1_115' title='bbox 146 2700 383 2790; x_wconf 85' lang='lat' dir='ltr'>excipientem</span> <span class='ocrx_word' id='word_1_116' title='bbox 403 2699 458 2768; x_wconf 89' lang='lat' dir='ltr'>vel</span> <span class='ocrx_word' id='word_1_117' title='bbox 484 2699 668 2768; x_wconf 88' lang='lat' dir='ltr'>materiam</span> <span class='ocrx_word' id='word_1_118' title='bbox 692 2709 956 2790; x_wconf 84' lang='lat' dir='ltr'>proponentem,</span> <span class='ocrx_word' id='word_1_119' title='bbox 975 2720 1080 2789; x_wconf 90' lang='lat' dir='ltr'>quem</span> <span class='ocrx_word' id='word_1_120' title='bbox 1103 2720 1196 2788; x_wconf 87' lang='lat' dir='ltr'>saepe</span> 
     </span>
     <span class='ocr_line' id='line_1_20' title="bbox 144 2813 1195 2897; baseline -0.005 -11"><span class='ocrx_word' id='word_1_121' title='bbox 144 2817 232 2886; x_wconf 90' lang='lat' dir='ltr'>citat</span> <span class='ocrx_word' id='word_1_122' title='bbox 266 2818 310 2885; x_wconf 89' lang='lat' dir='ltr'>ad</span> <span class='ocrx_word' id='word_1_123' title='bbox 344 2815 561 2885; x_wconf 88' lang='lat' dir='ltr'>audiendum</span> <span class='ocrx_word' id='word_1_124' title='bbox 597 2813 887 2885; x_wconf 89' lang='lat' dir='ltr'>deliberationem</span> <span class='ocrx_word' id='word_1_125' title='bbox 919 2837 1030 2897; x_wconf 91' lang='lat' dir='ltr'>suam,</span> <span class='ocrx_word' id='word_1_126' title='bbox 1061 2813 1117 2885; x_wconf 88' lang='lat' dir='ltr'>vel</span> <span class='ocrx_word' id='word_1_127' title='bbox 1152 2813 1195 2883; x_wconf 92' lang='lat' dir='ltr'>ad</span> 
     </span>
     <span class='ocr_line' id='line_1_21' title="bbox 143 2930 1193 3025; baseline 0.001 -26"><span class='ocrx_word' id='word_1_128' title='bbox 143 2931 240 3001; x_wconf 90' lang='lat' dir='ltr'>idem</span> <span class='ocrx_word' id='word_1_129' title='bbox 262 2956 353 3025; x_wconf 70' lang='lat' dir='ltr'>stupe</span> <span class='ocrx_word' id='word_1_130' title='bbox 377 2933 568 3025; x_wconf 86' lang='lat' dir='ltr'>assignavit</span> <span class='ocrx_word' id='word_1_131' title='bbox 587 2933 787 3011; x_wconf 88' lang='lat' dir='ltr'>terminum,</span> <span class='ocrx_word' id='word_1_132' title='bbox 805 2942 891 3001; x_wconf 88' lang='lat' dir='ltr'>tunc</span> <span class='ocrx_word' id='word_1_133' title='bbox 909 2930 1083 3015; x_wconf 85' lang='lat' dir='ltr'>volumus,</span> <span class='ocrx_word' id='word_1_134' title='bbox 1102 2932 1193 3023; x_wconf 91' lang='lat' dir='ltr'>quod</span> 
     </span>
     <span class='ocr_line' id='line_1_22' title="bbox 144 3047 1192 3139; baseline 0 -24"><span class='ocrx_word' id='word_1_135' title='bbox 144 3049 171 3116; x_wconf 90' lang='lat' dir='ltr'>si</span> <span class='ocrx_word' id='word_1_136' title='bbox 200 3050 316 3139; x_wconf 89' lang='lat' dir='ltr'>judex</span> <span class='ocrx_word' id='word_1_137' title='bbox 348 3049 400 3118; x_wconf 91' lang='lat' dir='ltr'>bis</span> <span class='ocrx_word' id='word_1_138' title='bbox 435 3047 617 3117; x_wconf 88' lang='lat' dir='ltr'>humiliter</span> <span class='ocrx_word' id='word_1_139' title='bbox 652 3049 838 3139; x_wconf 89' lang='lat' dir='ltr'>requisitus</span> <span class='ocrx_word' id='word_1_140' title='bbox 873 3072 941 3117; x_wconf 89' lang='lat' dir='ltr'>non</span> <span class='ocrx_word' id='word_1_141' title='bbox 978 3050 1192 3139; x_wconf 85' lang='lat' dir='ltr'>pronuntiat,</span> 
     </span>
     <span class='ocr_line' id='line_1_23' title="bbox 145 3163 839 3258; baseline -0.001 -25"><span class='ocrx_word' id='word_1_142' title='bbox 145 3167 254 3256; x_wconf 91' lang='lat' dir='ltr'>possit</span> <span class='ocrx_word' id='word_1_143' title='bbox 279 3165 411 3235; x_wconf 89' lang='lat' dir='ltr'>abhoc</span> <span class='ocrx_word' id='word_1_144' title='bbox 434 3165 638 3258; x_wconf 86' lang='lat' dir='ltr'>gravamine</span> <span class='ocrx_word' id='word_1_145' title='bbox 661 3163 839 3256; x_wconf 88' lang='lat' dir='ltr'>appellari.</span> 
     </span>
    </p>
   </div>
   <div class='ocr_carea' id='block_1_6' title="bbox 138 3386 1190 4303">
    <p class='ocr_par' dir='ltr' id='par_1_8' title="bbox 196 3386 1142 3474">
     <span class='ocr_line' id='line_1_24' title="bbox 196 3386 1142 3474; baseline -0.001 -21"><span class='ocrx_word' id='word_1_146' title='bbox 196 3389 272 3473; x_wconf 77' lang='lat' dir='ltr'>Gap.</span> <span class='ocrx_word' id='word_1_147' title='bbox 288 3410 337 3474; x_wconf 85' lang='lat'>25.</span> <span class='ocrx_word' id='word_1_148' title='bbox 365 3389 512 3469; x_wconf 59' lang='lat' dir='ltr'>anodo</span> <span class='ocrx_word' id='word_1_149' title='bbox 527 3388 560 3451; x_wconf 81' lang='lat' dir='ltr'>ia</span> <span class='ocrx_word' id='word_1_150' title='bbox 576 3389 707 3451; x_wconf 81' lang='lat' dir='ltr'>diversis</span> <span class='ocrx_word' id='word_1_151' title='bbox 721 3386 973 3473; x_wconf 74' lang='lat' dir='ltr'>appellationibus</span> <span class='ocrx_word' id='word_1_152' title='bbox 982 3409 1142 3473; x_wconf 69' lang='lat' dir='ltr'>processis</span> 
     </span>
    </p>

    <p class='ocr_par' dir='ltr' id='par_1_9' title="bbox 567 3490 761 3573">
     <span class='ocr_line' id='line_1_25' title="bbox 567 3490 761 3573; baseline -0.01 -20"><span class='ocrx_word' id='word_1_153' title='bbox 567 3490 761 3573; x_wconf 79' lang='lat' dir='ltr'>justificetur.</span> 
     </span>
    </p>

    <p class='ocr_par' dir='ltr' id='par_1_10' title="bbox 138 3631 1190 4303">
     <span class='ocr_line' id='line_1_26' title="bbox 195 3631 1190 3725; baseline -0.003 -23"><span class='ocrx_word' id='word_1_154' title='bbox 195 3632 243 3702; x_wconf 90' lang='lat' dir='ltr'>Et</span> <span class='ocrx_word' id='word_1_155' title='bbox 268 3633 351 3703; x_wconf 90' lang='lat' dir='ltr'>licet</span> <span class='ocrx_word' id='word_1_156' title='bbox 375 3656 557 3725; x_wconf 87' lang='lat' dir='ltr'>processus</span> <span class='ocrx_word' id='word_1_157' title='bbox 580 3635 683 3725; x_wconf 91' lang='lat' dir='ltr'>primi</span> <span class='ocrx_word' id='word_1_158' title='bbox 702 3633 831 3724; x_wconf 88' lang='lat' dir='ltr'>judicis</span> <span class='ocrx_word' id='word_1_159' title='bbox 845 3632 1032 3723; x_wconf 85' lang='lat' dir='ltr'>justificari</span> <span class='ocrx_word' id='word_1_160' title='bbox 1050 3631 1106 3701; x_wconf 91' lang='lat' dir='ltr'>vel</span> <span class='ocrx_word' id='word_1_161' title='bbox 1131 3632 1190 3700; x_wconf 92' lang='lat' dir='ltr'>im·</span> 
     </span>
     <span class='ocr_line' id='line_1_27' title="bbox 143 3747 1189 3842; baseline -0.003 -24"><span class='ocrx_word' id='word_1_162' title='bbox 143 3749 291 3842; x_wconf 83' lang='lat' dir='ltr'>pugnari</span> <span class='ocrx_word' id='word_1_163' title='bbox 321 3772 391 3818; x_wconf 92' lang='lat' dir='ltr'>non</span> <span class='ocrx_word' id='word_1_164' title='bbox 422 3749 541 3840; x_wconf 89' lang='lat' dir='ltr'>possit,</span> <span class='ocrx_word' id='word_1_165' title='bbox 574 3750 715 3839; x_wconf 89' lang='lat' dir='ltr'>quando</span> <span class='ocrx_word' id='word_1_166' title='bbox 744 3748 943 3840; x_wconf 86' lang='lat' dir='ltr'>appellatur</span> <span class='ocrx_word' id='word_1_167' title='bbox 972 3748 1017 3817; x_wconf 86' lang='lat' dir='ltr'>ab</span> <span class='ocrx_word' id='word_1_168' title='bbox 1051 3747 1189 3817; x_wconf 81' lang='lat' dir='ltr'>iuterlo</span> 
     </span>
     <span class='ocr_line' id='line_1_28' title="bbox 144 3863 1187 3959; baseline 0.005 -24"><span class='ocrx_word' id='word_1_169' title='bbox 144 3867 319 3959; x_wconf 88' lang='lat' dir='ltr'>quutoria,</span> <span class='ocrx_word' id='word_1_170' title='bbox 348 3866 411 3934; x_wconf 88' lang='lat' dir='ltr'>nisi</span> <span class='ocrx_word' id='word_1_171' title='bbox 448 3888 494 3935; x_wconf 91' lang='lat' dir='ltr'>ex</span> <span class='ocrx_word' id='word_1_172' title='bbox 528 3868 615 3935; x_wconf 90' lang='lat' dir='ltr'>actis</span> <span class='ocrx_word' id='word_1_173' title='bbox 646 3888 763 3935; x_wconf 89' lang='lat' dir='ltr'>coram</span> <span class='ocrx_word' id='word_1_174' title='bbox 797 3888 839 3934; x_wconf 92' lang='lat' dir='ltr'>eo</span> <span class='ocrx_word' id='word_1_175' title='bbox 874 3867 911 3933; x_wconf 90' lang='lat' dir='ltr'>in</span> <span class='ocrx_word' id='word_1_176' title='bbox 945 3863 1187 3956; x_wconf 69' lang='lat' dir='ltr'>appellatione,</span> 
     </span>
     <span class='ocr_line' id='line_1_29' title="bbox 144 3979 1188 4073; baseline -0.004 -23"><span class='ocrx_word' id='word_1_177' title='bbox 144 3990 263 4052; x_wconf 89' lang='lat' dir='ltr'>tomen</span> <span class='ocrx_word' id='word_1_178' title='bbox 290 3983 326 4050; x_wconf 90' lang='lat' dir='ltr'>in</span> <span class='ocrx_word' id='word_1_179' title='bbox 353 3979 589 4073; x_wconf 88' lang='lat' dir='ltr'>appellatione</span> <span class='ocrx_word' id='word_1_180' title='bbox 615 4005 636 4050; x_wconf 93' lang='lat' dir='ltr'>a</span> <span class='ocrx_word' id='word_1_181' title='bbox 659 3980 840 4050; x_wconf 88' lang='lat' dir='ltr'>definitiva</span> <span class='ocrx_word' id='word_1_182' title='bbox 868 3980 1057 4062; x_wconf 89' lang='lat' dir='ltr'>sententia,</span> <span class='ocrx_word' id='word_1_183' title='bbox 1076 3986 1188 4070; x_wconf 91' lang='lat' dir='ltr'>potest</span> 
     </span>
     <span class='ocr_line' id='line_1_30' title="bbox 138 4095 1185 4187; baseline -0.003 -21"><span class='ocrx_word' id='word_1_184' title='bbox 138 4098 251 4187; x_wconf 90' lang='lat' dir='ltr'>judex</span> <span class='ocrx_word' id='word_1_185' title='bbox 283 4097 326 4165; x_wconf 94' lang='lat' dir='ltr'>ad</span> <span class='ocrx_word' id='word_1_186' title='bbox 357 4118 474 4187; x_wconf 88' lang='lat' dir='ltr'>quem,</span> <span class='ocrx_word' id='word_1_187' title='bbox 506 4120 551 4165; x_wconf 84' lang='lat' dir='ltr'>ex</span> <span class='ocrx_word' id='word_1_188' title='bbox 582 4098 681 4166; x_wconf 89' lang='lat' dir='ltr'>novis</span> <span class='ocrx_word' id='word_1_189' title='bbox 711 4097 799 4165; x_wconf 90' lang='lat' dir='ltr'>actis</span> <span class='ocrx_word' id='word_1_190' title='bbox 829 4118 947 4165; x_wconf 91' lang='lat' dir='ltr'>coram</span> <span class='ocrx_word' id='word_1_191' title='bbox 975 4117 1018 4165; x_wconf 90' lang='lat' dir='ltr'>eo</span> <span class='ocrx_word' id='word_1_192' title='bbox 1054 4095 1185 4171; x_wconf 85' lang='lat' dir='ltr'>habitis</span> 
     </span>
     <span class='ocr_line' id='line_1_31' title="bbox 145 4212 1186 4303; baseline -0.003 -23"><span class='ocrx_word' id='word_1_193' title='bbox 145 4233 248 4280; x_wconf 90' lang='lat' dir='ltr'>suum</span> <span class='ocrx_word' id='word_1_194' title='bbox 280 4234 481 4302; x_wconf 83' lang='lat' dir='ltr'>processum</span> <span class='ocrx_word' id='word_1_195' title='bbox 511 4213 717 4302; x_wconf 81' lang='lat' dir='ltr'>justificare,</span> <span class='ocrx_word' id='word_1_196' title='bbox 752 4220 789 4281; x_wconf 89' lang='lat' dir='ltr'>et</span> <span class='ocrx_word' id='word_1_197' title='bbox 823 4213 1038 4281; x_wconf 87' lang='lat' dir='ltr'>contrarium</span> <span class='ocrx_word' id='word_1_198' title='bbox 1074 4212 1186 4303; x_wconf 81' lang='lat' dir='ltr'>prima</span> 
     </span>
    </p>
   </div>
   <div class='ocr_carea' id='block_1_7' title="bbox 606 4347 728 4406">
    <p class='ocr_par' dir='ltr' id='par_1_11' title="bbox 606 4347 728 4406">
     <span class='ocr_line' id='line_1_32' title="bbox 606 4347 728 4406; baseline 0.008 -1"><span class='ocrx_word' id='word_1_199' title='bbox 606 4347 612 4380; x_wconf 91' lang='lat'>¹</span> <span class='ocrx_word' id='word_1_200' title='bbox 630 4350 728 4406; x_wconf 85' lang='lat' dir='ltr'>obiter.</span> 
     </span>
    </p>
   </div>
   <div class='ocr_carea' id='block_1_8' title="bbox 0 0 1350 4800">
    <p class='ocr_par' dir='ltr' id='par_1_12' title="bbox 0 0 1350 4800">
     <span class='ocr_line' id='line_1_33' title="bbox 0 0 1350 4800; baseline 0 1"><span class='ocrx_word' id='word_1_201' title='bbox 0 0 1350 4800; x_wconf 95' lang='lat' dir='ltr'> </span> 
     </span>
    </p>
   </div>
  </div>
 </body>
</html>
