2692 4800
146 269 219 344 166
497 292 546 345 nn
571 293 854 348 narmvarroun
913 334 916 341 .
1214 293 1242 344 e

145 447 369 541 Quapropter
398 449 467 519 isto
492 450 624 520 securis
653 449 691 518 in
725 448 921 532 homicidis,
950 446 1136 531 adulteris,
1163 455 1205 519 et

144 564 346 668 hujusmodi
368 564 615 637 consceleratis
635 564 792 658 personis
814 564 1002 659 defigatur,
1019 586 1105 636 oum
1126 586 1204 635 ma·

144 680 283 751 nisestis
299 680 435 751 indioiis
459 680 676 774 deprehensa
692 680 800 752 fuerit
817 679 960 752 illorum
985 682 1202 754 immanitas

319 892 397 980 Gap.
410 913 440 960 2.
463 892 651 979 Deprioutio
666 891 769 978 qualis
782 891 823 958 rit
837 891 871 955 s'n
886 891 1033 978 episeopo.

197 1034 289 1105 Cum
311 1035 495 1129 episcopus
517 1035 554 1104 in
574 1033 761 1105 amittendi
785 1042 900 1105 status
922 1033 976 1104 sui
999 1033 1201 1128 perieulum

147 1151 255 1231 venit,
281 1149 581 1244 arehiepiscopum
609 1160 646 1222 et
672 1151 761 1221 duos
786 1152 968 1244 episcopos
995 1149 1087 1222 alios
1111 1151 1204 1223 arbi·

148 1275 243 1338 tratu
278 1275 398 1337 nostro
438 1268 529 1337 sumi
564 1265 736 1350 volumus,
770 1265 926 1337 moribus
964 1275 1006 1338 et
1039 1267 1204 1339 doctrine

147 1390 353 1476 praestantes
382 1382 482 1465 viros,
507 1383 567 1474 qui
587 1381 764 1474 judicium
789 1381 857 1453 hoo
883 1382 1131 1467 exercebunt3
1164 1392 1203 1455 et

147 1499 172 1569 ii
200 1507 313 1569 totam
340 1520 415 1568 rem
441 1495 630 1590 diligenter
654 1496 850 1588 inspectam
877 1504 914 1566 et
940 1497 1201 1570 consideratam

148 1615 336 1708 prudentio
353 1623 390 1684 et
408 1613 542 1706 pietate
559 1635 622 1684 sua
639 1612 821 1684 definiant.

213 1825 290 1912 Gap.
301 1845 332 1912 3.
355 1823 539 1912 Drpra’oatio
553 1822 655 1910 qualia
668 1823 708 1888 rs't
722 1823 757 1888 io
771 1823 921 1909 diffututa
934 1823 981 1890 orl
993 1822 1143 1910 mosao.

197 1964 350 2051 Quando
374 1965 537 2056 cuiquam
561 1962 617 2035 vel
641 1962 743 2056 diripi
766 1962 932 2058 dignitas,
949 1963 1008 2034 vel
1032 1964 1123 2059 eripi
1144 1964 1204 2036 be·

148 2079 312 2150 neiioium
339 2077 615 2150 ecclesiasticum
638 2076 790 2149 formula
810 2078 1062 2172 deprirationir
1085 2079 1203 2161 debet,

148 2198 321 2291 principio
344 2196 505 2289 proprius
527 2193 626 2264 ilium
645 2195 829 2287 episeopus
852 2193 898 2266 ad
914 2217 953 2266 se
969 2195 1039 2266 rite
1054 2207 1205 2279 evooet;

149 2311 278 2383 deinde
301 2311 346 2381 ad
372 2309 548 2402 reliquum
573 2332 679 2381 omne
704 2310 888 2404 negotium
912 2311 1205 2404 pertractandum

149 2429 334 2522 episeopus
366 2425 468 2509 adsit,
497 2437 535 2497 et
564 2427 653 2497 duos
682 2427 726 2498 ad
757 2449 795 2497 se
825 2428 948 2498 doctos
977 2435 1016 2498 et
1045 2426 1206 2523 integros

150 2542 372 2638 presbyteros
401 2543 557 2624 asciseat,
577 2565 728 2635 quorum
749 2541 968 2614 authoritate
995 2552 1034 2615 et
1058 2543 1206 2615 decreto

150 2662 233 2732 stari
252 2659 379 2754 plaeet.

208 2875 284 2960 Oap.
298 2896 330 2953 4.
355 2871 631 2958 dfuoquamyirden
646 2870 866 2955 deprioutiooir
881 2870 1062 2936 amantium
1070 2893 1148 2957 pro

439 2975 572 3051 nmtciet,
588 2974 653 3037 aiei
667 2996 702 3038 re
716 2973 921 3059 aperissem.

202 3115 390 3186 Sententia
415 3113 677 3206 deprivationis,
704 3114 871 3206 quoniam
897 3121 1045 3184 cruenta
1075 3124 1141 3197 est,
1170 3124 1208 3185 et

152 3241 269 3302 totum
299 3230 481 3302 hominem
510 3231 664 3313 oonfioit,
696 3242 769 3301 tam
797 3228 965 3300 horribile
993 3229 1107 3300 telum
1140 3252 1207 3300 neo

152 3350 188 3418 in
223 3348 459 3419 venerandum
491 3347 645 3440 episcopi
681 3356 813 3417 statum
850 3347 1108 3439 intorqueatur,
1139 3369 1206 3417 neo

151 3465 186 3534 in
209 3474 371 3534 sanetum
390 3465 552 3534 ordinem
575 3485 866 3555 quarumcunque
892 3483 1120 3554 personarum
1148 3486 1206 3533 ec-

152 3581 424 3652 clesiasticarum
453 3581 625 3661 mittatur,
644 3580 710 3649 nisi
737 3603 818 3649 reus
842 3578 897 3677 vei
925 3579 1032 3648 trium
1059 3578 1206 3649 vocibus

153 3698 360 3770 idoneorum
389 3708 427 3769 et
456 3694 671 3789 locupletum
705 3696 849 3766 testium
882 3695 1119 3777 convincatur,
1149 3694 1204 3764 vel

153 3837 190 3885 se
220 3816 296 3908 ipse
319 3814 469 3906 judicet,
501 3811 556 3881 vel
587 3835 625 3880 re
661 3819 733 3881 tam
766 3810 920 3882 evidenti
952 3819 990 3880 et
1021 3812 1204 3903 perspicua

154 3940 374 4027 coarguatur,
392 3941 434 4002 ut
461 3930 593 4001 nullam
620 3931 763 3999 omnino
788 3930 1045 3999 dubitationem
1074 3929 1203 4001 habere

154 4051 272 4142 possit.
