<?xml version="1.0" encoding="UTF-8"?>
<!DOCTYPE html PUBLIC "-//W3C//DTD XHTML 1.0 Transitional//EN"
    "http://www.w3.org/TR/xhtml1/DTD/xhtml1-transitional.dtd">
<html xmlns="http://www.w3.org/1999/xhtml" xml:lang="en" lang="en">
 <head>
  <title>
</title>
<meta http-equiv="Content-Type" content="text/html;charset=utf-8" />
  <meta name='ocr-system' content='tesseract 3.04.00' />
  <meta name='ocr-capabilities' content='ocr_page ocr_carea ocr_par ocr_line ocrx_word'/>
</head>
<body>
  <div class='ocr_page' id='page_1' title='image "./reformationeccl01cardgoog_0360.png"; bbox 0 0 2692 4800; ppageno 0'>
   <div class='ocr_carea' id='block_1_1' title="bbox 503 333 1189 406">
    <p class='ocr_par' dir='ltr' id='par_1_1' title="bbox 503 333 1189 406">
     <span class='ocr_line' id='line_1_1' title="bbox 503 333 1189 406; baseline -0.006 -5"><span class='ocrx_word' id='word_1_1' title='bbox 503 351 548 401; x_wconf 84' lang='lat' dir='ltr'><strong>nn</strong></span> <span class='ocrx_word' id='word_1_2' title='bbox 573 350 618 400; x_wconf 85' lang='lat' dir='ltr'><strong>na</strong></span> <span class='ocrx_word' id='word_1_3' title='bbox 643 349 831 400; x_wconf 80' lang='lat' dir='ltr'><strong>sumnam.</strong></span> <span class='ocrx_word' id='word_1_4' title='bbox 1118 333 1189 406; x_wconf 74' lang='lat'><strong>293</strong></span> 
     </span>
    </p>
   </div>
   <div class='ocr_carea' id='block_1_2' title="bbox 207 608 1132 796">
    <p class='ocr_par' dir='ltr' id='par_1_2' title="bbox 207 608 1132 796">
     <span class='ocr_line' id='line_1_2' title="bbox 207 608 1132 696; baseline -0.002 -22"><span class='ocrx_word' id='word_1_5' title='bbox 207 608 284 694; x_wconf 85' lang='lat' dir='ltr'><strong>Oap.</strong></span> <span class='ocrx_word' id='word_1_6' title='bbox 303 628 348 673; x_wconf 83' lang='grc' dir='ltr'><strong>ιο.</strong></span> <span class='ocrx_word' id='word_1_7' title='bbox 373 609 527 673; x_wconf 68' lang='lat' dir='ltr'><strong>Sanan</strong></span> <span class='ocrx_word' id='word_1_8' title='bbox 542 609 699 690; x_wconf 67' lang='lat' dir='ltr'><strong>definitivo</strong></span> <span class='ocrx_word' id='word_1_9' title='bbox 713 610 877 674; x_wconf 69' lang='lat' dir='ltr'><strong>retractat</strong></span> <span class='ocrx_word' id='word_1_10' title='bbox 891 630 951 674; x_wconf 84' lang='lat' dir='ltr'><strong>nou</strong></span> <span class='ocrx_word' id='word_1_11' title='bbox 962 616 1058 696; x_wconf 71' lang='lat' dir='ltr'><strong>potant</strong></span> <span class='ocrx_word' id='word_1_12' title='bbox 1070 608 1132 672; x_wconf 65' lang='lat' dir='ltr'><strong>nbi</strong></span> 
     </span>
     <span class='ocr_line' id='line_1_3' title="bbox 434 712 903 796; baseline 0.002 -20"><span class='ocrx_word' id='word_1_13' title='bbox 434 721 539 776; x_wconf 78' lang='lat' dir='ltr'><strong>eontra</strong></span> <span class='ocrx_word' id='word_1_14' title='bbox 546 712 603 795; x_wconf 76' lang='lat' dir='ltr'><strong>juo</strong></span> <span class='ocrx_word' id='word_1_15' title='bbox 618 712 758 777; x_wconf 76' lang='lat' dir='ltr'><strong>divinum</strong></span> <span class='ocrx_word' id='word_1_16' title='bbox 766 714 903 796; x_wconf 74' lang='lat' dir='ltr'><strong>foratur.</strong></span> 
     </span>
    </p>
   </div>
   <div class='ocr_carea' id='block_1_3' title="bbox 146 849 1268 1641">
    <p class='ocr_par' dir='ltr' id='par_1_3' title="bbox 146 849 1268 1641">
     <span class='ocr_line' id='line_1_4' title="bbox 197 849 1196 924; baseline 0 -4"><span class='ocrx_word' id='word_1_17' title='bbox 197 849 307 923; x_wconf 86' lang='lat' dir='ltr'>Porro</span> <span class='ocrx_word' id='word_1_18' title='bbox 332 851 361 921; x_wconf 92' lang='lat' dir='ltr'><strong>si</strong></span> <span class='ocrx_word' id='word_1_19' title='bbox 386 849 475 920; x_wconf 90' lang='lat' dir='ltr'><strong>nihil</strong></span> <span class='ocrx_word' id='word_1_20' title='bbox 499 850 623 922; x_wconf 92' lang='lat' dir='ltr'><strong>talium</strong></span> <span class='ocrx_word' id='word_1_21' title='bbox 651 853 687 921; x_wconf 95' lang='lat' dir='ltr'><strong>in</strong></span> <span class='ocrx_word' id='word_1_22' title='bbox 713 853 890 923; x_wconf 86' lang='lat' dir='ltr'><strong>sententia</strong></span> <span class='ocrx_word' id='word_1_23' title='bbox 907 852 1088 924; x_wconf 89' lang='lat' dir='ltr'><strong>definitiva</strong></span> <span class='ocrx_word' id='word_1_24' title='bbox 1106 852 1196 922; x_wconf 86' lang='lat' dir='ltr'><strong>desi·</strong></span> 
     </span>
     <span class='ocr_line' id='line_1_5' title="bbox 146 964 1194 1061; baseline 0.003 -25"><span class='ocrx_word' id='word_1_25' title='bbox 146 966 300 1049; x_wconf 84' lang='lat' dir='ltr'><strong>daretur,</strong></span> <span class='ocrx_word' id='word_1_26' title='bbox 318 976 360 1035; x_wconf 89' lang='lat' dir='ltr'><strong>ut</strong></span> <span class='ocrx_word' id='word_1_27' title='bbox 377 974 544 1058; x_wconf 87' lang='lat' dir='ltr'><strong>tanquam</strong></span> <span class='ocrx_word' id='word_1_28' title='bbox 571 965 756 1060; x_wconf 84' lang='lat' dir='ltr'><strong>illegitimo</strong></span> <span class='ocrx_word' id='word_1_29' title='bbox 774 967 880 1037; x_wconf 93' lang='lat' dir='ltr'><strong>modo</strong></span> <span class='ocrx_word' id='word_1_30' title='bbox 897 965 979 1050; x_wconf 82' lang='lat' dir='ltr'><strong>lata,</strong></span> <span class='ocrx_word' id='word_1_31' title='bbox 996 990 1059 1061; x_wconf 88' lang='lat' dir='ltr'><strong>pro</strong></span> <span class='ocrx_word' id='word_1_32' title='bbox 1077 964 1194 1039; x_wconf 89' lang='lat' dir='ltr'><strong>nnllo¹</strong></span> 
     </span>
     <span class='ocr_line' id='line_1_6' title="bbox 147 1067 1268 1176; baseline 0 -24"><span class='ocrx_word' id='word_1_33' title='bbox 147 1081 268 1153; x_wconf 85' lang='lat' dir='ltr'><strong>haberi</strong></span> <span class='ocrx_word' id='word_1_34' title='bbox 285 1083 407 1174; x_wconf 79' lang='lat' dir='ltr'>possit,</span> <span class='ocrx_word' id='word_1_35' title='bbox 422 1105 487 1153; x_wconf 90' lang='lat' dir='ltr'><strong>neo</strong></span> <span class='ocrx_word' id='word_1_36' title='bbox 499 1082 544 1153; x_wconf 88' lang='lat' dir='ltr'><strong>ab</strong></span> <span class='ocrx_word' id='word_1_37' title='bbox 562 1104 605 1153; x_wconf 89' lang='lat' dir='ltr'><strong>ea</strong></span> <span class='ocrx_word' id='word_1_38' title='bbox 622 1084 714 1153; x_wconf 87' lang='lat' dir='ltr'><strong>intra</strong></span> <span class='ocrx_word' id='word_1_39' title='bbox 727 1084 891 1176; x_wconf 89' lang='lat' dir='ltr'><strong>spatium,</strong></span> <span class='ocrx_word' id='word_1_40' title='bbox 903 1107 973 1176; x_wconf 91' lang='lat' dir='ltr'><strong>quo</strong></span> <span class='ocrx_word' id='word_1_41' title='bbox 987 1067 1268 1176; x_wconf 79' lang='lat' dir='ltr'><strong>appeliati02138</strong></span> 
     </span>
     <span class='ocr_line' id='line_1_7' title="bbox 147 1197 1197 1293; baseline 0.001 -25"><span class='ocrx_word' id='word_1_42' title='bbox 147 1200 399 1293; x_wconf 84' lang='lat' dir='ltr'><strong>permissaest,</strong></span> <span class='ocrx_word' id='word_1_43' title='bbox 416 1197 634 1293; x_wconf 87' lang='lat' dir='ltr'><strong>appellatum</strong></span> <span class='ocrx_word' id='word_1_44' title='bbox 660 1200 717 1284; x_wconf 88' lang='lat' dir='ltr'><strong>sit,</strong></span> <span class='ocrx_word' id='word_1_45' title='bbox 735 1209 821 1271; x_wconf 88' lang='lat' dir='ltr'><strong>tuno</strong></span> <span class='ocrx_word' id='word_1_46' title='bbox 842 1223 921 1271; x_wconf 87' lang='lat' dir='ltr'><strong>eam</strong></span> <span class='ocrx_word' id='word_1_47' title='bbox 944 1200 980 1269; x_wconf 95' lang='lat' dir='ltr'><strong>in</strong></span> <span class='ocrx_word' id='word_1_48' title='bbox 1006 1222 1081 1270; x_wconf 89' lang='lat' dir='ltr'><strong>rem</strong></span> <span class='ocrx_word' id='word_1_49' title='bbox 1100 1199 1197 1292; x_wconf 88' lang='lat' dir='ltr'><strong>judi·</strong></span> 
     </span>
     <span class='ocr_line' id='line_1_8' title="bbox 147 1314 1197 1407; baseline -0.001 -21"><span class='ocrx_word' id='word_1_50' title='bbox 147 1323 262 1386; x_wconf 88' lang='lat' dir='ltr'><strong>oatam</strong></span> <span class='ocrx_word' id='word_1_51' title='bbox 288 1315 436 1386; x_wconf 81' lang='lat' dir='ltr'><strong>transire</strong></span> <span class='ocrx_word' id='word_1_52' title='bbox 454 1314 629 1400; x_wconf 85' lang='lat' dir='ltr'><strong>volumus,</strong></span> <span class='ocrx_word' id='word_1_53' title='bbox 645 1314 713 1384; x_wconf 89' lang='lat' dir='ltr'><strong>hoo</strong></span> <span class='ocrx_word' id='word_1_54' title='bbox 731 1323 795 1396; x_wconf 85' lang='lat' dir='ltr'><strong>est,</strong></span> <span class='ocrx_word' id='word_1_55' title='bbox 815 1314 923 1385; x_wconf 91' lang='lat' dir='ltr'><strong>talem</strong></span> <span class='ocrx_word' id='word_1_56' title='bbox 946 1316 1113 1407; x_wconf 78' lang='lat' dir='ltr'>consequi</span> <span class='ocrx_word' id='word_1_57' title='bbox 1135 1338 1197 1385; x_wconf 91' lang='lat' dir='ltr'><strong>au·</strong></span> 
     </span>
     <span class='ocr_line' id='line_1_9' title="bbox 148 1429 1196 1523; baseline -0.003 -22"><span class='ocrx_word' id='word_1_58' title='bbox 148 1429 366 1513; x_wconf 88' lang='lat' dir='ltr'><strong>thoritatom‚</strong></span> <span class='ocrx_word' id='word_1_59' title='bbox 384 1439 426 1500; x_wconf 92' lang='lat' dir='ltr'><strong>ut</strong></span> <span class='ocrx_word' id='word_1_60' title='bbox 447 1430 690 1500; x_wconf 81' lang='lat' dir='ltr'><strong>contravenire</strong></span> <span class='ocrx_word' id='word_1_61' title='bbox 710 1452 816 1500; x_wconf 89' lang='lat' dir='ltr'><strong>nomo</strong></span> <span class='ocrx_word' id='word_1_62' title='bbox 840 1431 969 1523; x_wconf 79' lang='lat' dir='ltr'><strong>possit:</strong></span> <span class='ocrx_word' id='word_1_63' title='bbox 996 1453 1062 1501; x_wconf 85' lang='lat' dir='ltr'><strong>nec</strong></span> <span class='ocrx_word' id='word_1_64' title='bbox 1082 1430 1196 1522; x_wconf 84' lang='lat' dir='ltr'><strong>judici</strong></span> 
     </span>
     <span class='ocr_line' id='line_1_10' title="bbox 148 1545 1197 1641; baseline 0 -25"><span class='ocrx_word' id='word_1_65' title='bbox 148 1546 291 1638; x_wconf 85' lang='lat' dir='ltr'><strong>quidem</strong></span> <span class='ocrx_word' id='word_1_66' title='bbox 321 1545 427 1617; x_wconf 85' lang='lat' dir='ltr'><strong>lioeat</strong></span> <span class='ocrx_word' id='word_1_67' title='bbox 456 1569 536 1617; x_wconf 84' lang='lat' dir='ltr'><strong>eam</strong></span> <span class='ocrx_word' id='word_1_68' title='bbox 566 1569 742 1629; x_wconf 79' lang='lat' dir='ltr'>revocare,</span> <span class='ocrx_word' id='word_1_69' title='bbox 772 1555 920 1630; x_wconf 86' lang='lat' dir='ltr'><strong>mutare,</strong></span> <span class='ocrx_word' id='word_1_70' title='bbox 948 1556 1012 1619; x_wconf 90' lang='lat' dir='ltr'><strong>aut</strong></span> <span class='ocrx_word' id='word_1_71' title='bbox 1041 1547 1197 1641; x_wconf 78' lang='lat' dir='ltr'><strong>aliquam</strong></span> 
     </span>
    </p>
   </div>
   <div class='ocr_carea' id='block_1_4' title="bbox 147 1661 1199 3380">
    <p class='ocr_par' dir='ltr' id='par_1_4' title="bbox 147 1661 1199 3380">
     <span class='ocr_line' id='line_1_11' title="bbox 148 1661 1199 1756; baseline 0.002 -24"><span class='ocrx_word' id='word_1_72' title='bbox 148 1663 225 1756; x_wconf 83' lang='lat' dir='ltr'><strong>ojus</strong></span> <span class='ocrx_word' id='word_1_73' title='bbox 255 1671 393 1756; x_wconf 82' lang='lat' dir='ltr'><strong>partem</strong></span> <span class='ocrx_word' id='word_1_74' title='bbox 425 1661 561 1746; x_wconf 87' lang='lat' dir='ltr'><strong>tollere,</strong></span> <span class='ocrx_word' id='word_1_75' title='bbox 589 1662 642 1733; x_wconf 88' lang='lat' dir='ltr'><strong>vel</strong></span> <span class='ocrx_word' id='word_1_76' title='bbox 671 1663 872 1747; x_wconf 85' lang='lat' dir='ltr'>emendare,</span> <span class='ocrx_word' id='word_1_77' title='bbox 898 1664 971 1734; x_wconf 84' lang='lat' dir='ltr'><strong>sive</strong></span> <span class='ocrx_word' id='word_1_78' title='bbox 1000 1664 1092 1735; x_wconf 90' lang='lat' dir='ltr'><strong>bene</strong></span> <span class='ocrx_word' id='word_1_79' title='bbox 1122 1665 1199 1735; x_wconf 87' lang='lat' dir='ltr'><strong>sivo</strong></span> 
     </span>
     <span class='ocr_line' id='line_1_12' title="bbox 148 1777 1197 1871; baseline 0.004 -23"><span class='ocrx_word' id='word_1_80' title='bbox 148 1777 241 1849; x_wconf 88' lang='lat' dir='ltr'><strong>male</strong></span> <span class='ocrx_word' id='word_1_81' title='bbox 259 1801 322 1849; x_wconf 88' lang='lat' dir='ltr'><strong>suo</strong></span> <span class='ocrx_word' id='word_1_82' title='bbox 340 1777 455 1849; x_wconf 86' lang='lat' dir='ltr'><strong>officio</strong></span> <span class='ocrx_word' id='word_1_83' title='bbox 473 1778 509 1849; x_wconf 94' lang='lat' dir='ltr'><strong>in</strong></span> <span class='ocrx_word' id='word_1_84' title='bbox 527 1802 569 1850; x_wconf 83' lang='lat' dir='ltr'><strong>ea</strong></span> <span class='ocrx_word' id='word_1_85' title='bbox 587 1788 687 1871; x_wconf 87' lang='lat' dir='ltr'><strong>parte</strong></span> <span class='ocrx_word' id='word_1_86' title='bbox 706 1779 851 1851; x_wconf 85' lang='lat' dir='ltr'><strong>ferenda</strong></span> <span class='ocrx_word' id='word_1_87' title='bbox 867 1781 1011 1853; x_wconf 84' lang='lat' dir='ltr'><strong>functus</strong></span> <span class='ocrx_word' id='word_1_88' title='bbox 1028 1783 1084 1853; x_wconf 91' lang='lat' dir='ltr'><strong>sit.</strong></span> <span class='ocrx_word' id='word_1_89' title='bbox 1124 1781 1197 1854; x_wconf 86' lang='lat' dir='ltr'><strong>Sed</strong></span> 
     </span>
     <span class='ocr_line' id='line_1_13' title="bbox 147 1894 1199 1992; baseline 0.002 -26"><span class='ocrx_word' id='word_1_90' title='bbox 147 1897 184 1966; x_wconf 92' lang='lat' dir='ltr'><strong>in</strong></span> <span class='ocrx_word' id='word_1_91' title='bbox 211 1894 278 1966; x_wconf 87' lang='lat' dir='ltr'><strong>huo</strong></span> <span class='ocrx_word' id='word_1_92' title='bbox 307 1894 431 1989; x_wconf 83' lang='lat' dir='ltr'><strong>regula</strong></span> <span class='ocrx_word' id='word_1_93' title='bbox 461 1919 674 1990; x_wconf 81' lang='lat' dir='ltr'>magnopere</span> <span class='ocrx_word' id='word_1_94' title='bbox 700 1898 969 1981; x_wconf 84' lang='lat' dir='ltr'><strong>observandum,</strong></span> <span class='ocrx_word' id='word_1_95' title='bbox 996 1899 1088 1992; x_wconf 91' lang='lat' dir='ltr'><strong>quod</strong></span> <span class='ocrx_word' id='word_1_96' title='bbox 1119 1922 1199 1970; x_wconf 89' lang='lat' dir='ltr'><strong>sen-</strong></span> 
     </span>
     <span class='ocr_line' id='line_1_14' title="bbox 149 1982 1196 2105; baseline 0 -24"><span class='ocrx_word' id='word_1_97' title='bbox 149 2012 263 2081; x_wconf 86' lang='lat' dir='ltr'><strong>tentia</strong></span> <span class='ocrx_word' id='word_1_98' title='bbox 287 2019 410 2082; x_wconf 80' lang='lat' dir='ltr'><strong>eontra</strong></span> <span class='ocrx_word' id='word_1_99' title='bbox 428 2011 489 2103; x_wconf 89' lang='lat' dir='ltr'><strong>jus</strong></span> <span class='ocrx_word' id='word_1_100' title='bbox 515 2010 732 2105; x_wconf 78' lang='lat' dir='ltr'><strong>litigantium</strong></span> <span class='ocrx_word' id='word_1_101' title='bbox 757 1982 850 2082; x_wconf 85' lang='lat' dir='ltr'><strong>male</strong></span> <span class='ocrx_word' id='word_1_102' title='bbox 878 2011 952 2083; x_wconf 86' lang='lat' dir='ltr'><strong>lata</strong></span> <span class='ocrx_word' id='word_1_103' title='bbox 976 2021 1132 2083; x_wconf 83' lang='lat' dir='ltr'><strong>transeat</strong></span> <span class='ocrx_word' id='word_1_104' title='bbox 1159 2012 1196 2082; x_wconf 91' lang='lat' dir='ltr'><strong>in</strong></span> 
     </span>
     <span class='ocr_line' id='line_1_15' title="bbox 148 2125 1196 2223; baseline 0.003 -26"><span class='ocrx_word' id='word_1_105' title='bbox 148 2148 224 2197; x_wconf 88' lang='lat' dir='ltr'><strong>rom</strong></span> <span class='ocrx_word' id='word_1_106' title='bbox 236 2125 444 2218; x_wconf 79' lang='lat' dir='ltr'><strong>judicatam,</strong></span> <span class='ocrx_word' id='word_1_107' title='bbox 457 2127 564 2197; x_wconf 91' lang='lat' dir='ltr'><strong>modo</strong></span> <span class='ocrx_word' id='word_1_108' title='bbox 577 2127 622 2198; x_wconf 86' lang='lat' dir='ltr'><strong>ab</strong></span> <span class='ocrx_word' id='word_1_109' title='bbox 640 2150 683 2198; x_wconf 89' lang='lat' dir='ltr'><strong>ea</strong></span> <span class='ocrx_word' id='word_1_110' title='bbox 699 2127 916 2223; x_wconf 84' lang='lat' dir='ltr'><strong>appellatum</strong></span> <span class='ocrx_word' id='word_1_111' title='bbox 934 2152 1004 2199; x_wconf 95' lang='lat' dir='ltr'><strong>non</strong></span> <span class='ocrx_word' id='word_1_112' title='bbox 1022 2131 1079 2200; x_wconf 89' lang='lat' dir='ltr'><strong>sit.</strong></span> <span class='ocrx_word' id='word_1_113' title='bbox 1123 2128 1196 2200; x_wconf 85' lang='lat' dir='ltr'><strong>Sed</strong></span> 
     </span>
     <span class='ocr_line' id='line_1_16' title="bbox 149 2243 1197 2339; baseline 0.003 -26"><span class='ocrx_word' id='word_1_114' title='bbox 149 2263 250 2313; x_wconf 84' lang='lat' dir='ltr'><strong>secus</strong></span> <span class='ocrx_word' id='word_1_115' title='bbox 267 2263 342 2312; x_wconf 83' lang='lat' dir='ltr'><strong>esse</strong></span> <span class='ocrx_word' id='word_1_116' title='bbox 365 2243 564 2327; x_wconf 90' lang='lat' dir='ltr'><strong>statuimus,</strong></span> <span class='ocrx_word' id='word_1_117' title='bbox 582 2245 609 2313; x_wconf 90' lang='lat' dir='ltr'><strong>si</strong></span> <span class='ocrx_word' id='word_1_118' title='bbox 628 2246 805 2315; x_wconf 88' lang='lat' dir='ltr'><strong>sententia</strong></span> <span class='ocrx_word' id='word_1_119' title='bbox 822 2254 945 2316; x_wconf 83' lang='lat' dir='ltr'><strong>eontra</strong></span> <span class='ocrx_word' id='word_1_120' title='bbox 958 2247 1020 2339; x_wconf 87' lang='lat' dir='ltr'><strong>jus</strong></span> <span class='ocrx_word' id='word_1_121' title='bbox 1037 2246 1197 2316; x_wconf 80' lang='lat' dir='ltr'><strong>divinum</strong></span> 
     </span>
     <span class='ocr_line' id='line_1_17' title="bbox 149 2357 1197 2434; baseline 0.005 -6"><span class='ocrx_word' id='word_1_122' title='bbox 149 2366 212 2429; x_wconf 87' lang='lat' dir='ltr'><strong>aut</strong></span> <span class='ocrx_word' id='word_1_123' title='bbox 244 2357 403 2429; x_wconf 86' lang='lat' dir='ltr'><strong>naturale</strong></span> <span class='ocrx_word' id='word_1_124' title='bbox 431 2358 503 2430; x_wconf 87' lang='lat' dir='ltr'><strong>lata</strong></span> <span class='ocrx_word' id='word_1_125' title='bbox 532 2360 589 2430; x_wconf 90' lang='lat' dir='ltr'><strong>sit.</strong></span> <span class='ocrx_word' id='word_1_126' title='bbox 643 2358 739 2431; x_wconf 91' lang='lat' dir='ltr'><strong>Nam</strong></span> <span class='ocrx_word' id='word_1_127' title='bbox 768 2364 945 2434; x_wconf 84' lang='lat' dir='ltr'><strong>sententia</strong></span> <span class='ocrx_word' id='word_1_128' title='bbox 972 2362 1197 2433; x_wconf 83' lang='lat' dir='ltr'><strong>manifestam</strong></span> 
     </span>
     <span class='ocr_line' id='line_1_18' title="bbox 150 2476 1198 2572; baseline 0.004 -27"><span class='ocrx_word' id='word_1_129' title='bbox 150 2476 373 2568; x_wconf 90' lang='lat' dir='ltr'><strong>iniquitatem</strong></span> <span class='ocrx_word' id='word_1_130' title='bbox 401 2477 586 2547; x_wconf 81' lang='lat' dir='ltr'><strong>continens</strong></span> <span class='ocrx_word' id='word_1_131' title='bbox 609 2486 664 2546; x_wconf 83' lang='lat' dir='ltr'><strong>est</strong></span> <span class='ocrx_word' id='word_1_132' title='bbox 687 2479 762 2569; x_wconf 90' lang='lat' dir='ltr'><strong>ipso</strong></span> <span class='ocrx_word' id='word_1_133' title='bbox 780 2480 863 2572; x_wconf 86' lang='lat' dir='ltr'><strong>jure</strong></span> <span class='ocrx_word' id='word_1_134' title='bbox 881 2478 989 2564; x_wconf 87' lang='lat' dir='ltr'><strong>nulla,</strong></span> <span class='ocrx_word' id='word_1_135' title='bbox 1006 2504 1072 2550; x_wconf 87' lang='lat' dir='ltr'><strong>neo</strong></span> <span class='ocrx_word' id='word_1_136' title='bbox 1090 2478 1198 2551; x_wconf 86' lang='lat' dir='ltr'><strong>debet</strong></span> 
     </span>
     <span class='ocr_line' id='line_1_19' title="bbox 151 2588 1198 2685; baseline 0.003 -26"><span class='ocrx_word' id='word_1_137' title='bbox 151 2589 229 2682; x_wconf 89' lang='lat' dir='ltr'><strong>quis</strong></span> <span class='ocrx_word' id='word_1_138' title='bbox 242 2588 326 2680; x_wconf 86' lang='lat' dir='ltr'><strong>jure</strong></span> <span class='ocrx_word' id='word_1_139' title='bbox 344 2588 423 2682; x_wconf 81' lang='lat' dir='ltr'><strong>cogi</strong></span> <span class='ocrx_word' id='word_1_140' title='bbox 440 2598 483 2657; x_wconf 92' lang='lat' dir='ltr'><strong>ut</strong></span> <span class='ocrx_word' id='word_1_141' title='bbox 500 2588 532 2657; x_wconf 86' lang='lat' dir='ltr'><strong>ei</strong></span> <span class='ocrx_word' id='word_1_142' title='bbox 556 2597 640 2671; x_wconf 90' lang='lat' dir='ltr'><strong>stet,</strong></span> <span class='ocrx_word' id='word_1_143' title='bbox 659 2590 797 2660; x_wconf 80' lang='lat' dir='ltr'><strong>etiarnsi</strong></span> <span class='ocrx_word' id='word_1_144' title='bbox 816 2591 861 2661; x_wconf 88' lang='lat' dir='ltr'><strong>ab</strong></span> <span class='ocrx_word' id='word_1_145' title='bbox 879 2614 922 2662; x_wconf 88' lang='lat' dir='ltr'><strong>ea</strong></span> <span class='ocrx_word' id='word_1_146' title='bbox 946 2592 1124 2685; x_wconf 82' lang='lat' dir='ltr'><strong>appellare</strong></span> <span class='ocrx_word' id='word_1_147' title='bbox 1151 2593 1198 2663; x_wconf 90' lang='lat' dir='ltr'><strong>sit</strong></span> 
     </span>
     <span class='ocr_line' id='line_1_20' title="bbox 151 2696 1197 2803; baseline 0.006 -28"><span class='ocrx_word' id='word_1_148' title='bbox 151 2696 359 2799; x_wconf 84' lang='lat' dir='ltr'><strong>prohibitus.</strong></span> <span class='ocrx_word' id='word_1_149' title='bbox 424 2703 578 2775; x_wconf 87' lang='lat' dir='ltr'>Proinde</span> <span class='ocrx_word' id='word_1_150' title='bbox 609 2708 795 2790; x_wconf 84' lang='lat' dir='ltr'><strong>sententia,</strong></span> <span class='ocrx_word' id='word_1_151' title='bbox 827 2730 907 2799; x_wconf 89' lang='lat' dir='ltr'><strong>quae</strong></span> <span class='ocrx_word' id='word_1_152' title='bbox 941 2711 1016 2780; x_wconf 87' lang='lat' dir='ltr'><strong>sine</strong></span> <span class='ocrx_word' id='word_1_153' title='bbox 1050 2719 1197 2803; x_wconf 86' lang='lat' dir='ltr'><strong>poooato</strong></span> 
     </span>
     <span class='ocr_line' id='line_1_21' title="bbox 150 2819 1196 2915; baseline 0.002 -23"><span class='ocrx_word' id='word_1_154' title='bbox 150 2819 291 2893; x_wconf 87' lang='lat' dir='ltr'><strong>mortali</strong></span> <span class='ocrx_word' id='word_1_155' title='bbox 312 2821 440 2890; x_wconf 84' lang='lat' dir='ltr'><strong>servari</strong></span> <span class='ocrx_word' id='word_1_156' title='bbox 469 2843 539 2890; x_wconf 93' lang='lat' dir='ltr'><strong>non</strong></span> <span class='ocrx_word' id='word_1_157' title='bbox 559 2829 690 2914; x_wconf 87' lang='lat' dir='ltr'><strong>potest,</strong></span> <span class='ocrx_word' id='word_1_158' title='bbox 708 2830 804 2892; x_wconf 87' lang='lat' dir='ltr'>recte</span> <span class='ocrx_word' id='word_1_159' title='bbox 822 2824 980 2915; x_wconf 89' lang='lat' dir='ltr'><strong>ajudioe</strong></span> <span class='ocrx_word' id='word_1_160' title='bbox 1001 2833 1196 2907; x_wconf 84' lang='lat' dir='ltr'><strong>revocatur,</strong></span> 
     </span>
     <span class='ocr_line' id='line_1_22' title="bbox 150 2932 1199 3034; baseline 0.004 -26"><span class='ocrx_word' id='word_1_161' title='bbox 150 2946 188 3008; x_wconf 88' lang='lat' dir='ltr'><strong>et</strong></span> <span class='ocrx_word' id='word_1_162' title='bbox 222 2960 243 3007; x_wconf 88' lang='lat' dir='ltr'><strong>a</strong></span> <span class='ocrx_word' id='word_1_163' title='bbox 272 2935 494 3031; x_wconf 83' lang='lat' dir='ltr'><strong>litigantibus</strong></span> <span class='ocrx_word' id='word_1_164' title='bbox 528 2946 695 3029; x_wconf 85' lang='lat' dir='ltr'><strong>tanquam</strong></span> <span class='ocrx_word' id='word_1_165' title='bbox 726 2937 825 3009; x_wconf 90' lang='lat' dir='ltr'><strong>nulla</strong></span> <span class='ocrx_word' id='word_1_166' title='bbox 858 2932 1072 3034; x_wconf 62' lang='lat' dir='ltr'><strong>negligitum</strong></span> <span class='ocrx_word' id='word_1_167' title='bbox 1115 2943 1199 3034; x_wconf 88' lang='lat' dir='ltr'><strong>qnia</strong></span> 
     </span>
     <span class='ocr_line' id='line_1_23' title="bbox 151 3052 1199 3150; baseline 0.005 -26"><span class='ocrx_word' id='word_1_168' title='bbox 151 3054 298 3125; x_wconf 87' lang='lat' dir='ltr'><strong>transire</strong></span> <span class='ocrx_word' id='word_1_169' title='bbox 315 3053 351 3122; x_wconf 92' lang='lat' dir='ltr'><strong>in</strong></span> <span class='ocrx_word' id='word_1_170' title='bbox 368 3075 445 3123; x_wconf 87' lang='lat' dir='ltr'><strong>rem</strong></span> <span class='ocrx_word' id='word_1_171' title='bbox 465 3052 662 3145; x_wconf 83' lang='lat' dir='ltr'><strong>judicatam</strong></span> <span class='ocrx_word' id='word_1_172' title='bbox 687 3076 758 3123; x_wconf 93' lang='lat' dir='ltr'><strong>non</strong></span> <span class='ocrx_word' id='word_1_173' title='bbox 784 3063 903 3147; x_wconf 85' lang='lat' dir='ltr'><strong>potest</strong></span> <span class='ocrx_word' id='word_1_174' title='bbox 928 3065 1072 3150; x_wconf 85' lang='lat' dir='ltr'><strong>proptor</strong></span> <span class='ocrx_word' id='word_1_175' title='bbox 1089 3057 1199 3129; x_wconf 85' lang='lat' dir='ltr'>offen·</span> 
     </span>
     <span class='ocr_line' id='line_1_24' title="bbox 150 3166 1199 3262; baseline 0.002 -19"><span class='ocrx_word' id='word_1_176' title='bbox 150 3171 284 3259; x_wconf 79' lang='lat' dir='ltr'><strong>sionem</strong></span> <span class='ocrx_word' id='word_1_177' title='bbox 308 3170 541 3249; x_wconf 82' lang='lat' dir='ltr'><strong>eonscientiae,</strong></span> <span class='ocrx_word' id='word_1_178' title='bbox 559 3166 656 3240; x_wconf 84' lang='lat' dir='ltr'><strong>licite</strong></span> <span class='ocrx_word' id='word_1_179' title='bbox 678 3170 786 3240; x_wconf 88' lang='lat' dir='ltr'><strong>etiam</strong></span> <span class='ocrx_word' id='word_1_180' title='bbox 803 3171 918 3262; x_wconf 88' lang='lat' dir='ltr'>judex</span> <span class='ocrx_word' id='word_1_181' title='bbox 944 3174 1098 3244; x_wconf 90' lang='lat' dir='ltr'><strong>mutabit</strong></span> <span class='ocrx_word' id='word_1_182' title='bbox 1121 3197 1199 3245; x_wconf 89' lang='lat' dir='ltr'><strong>sen·</strong></span> 
     </span>
     <span class='ocr_line' id='line_1_25' title="bbox 151 3286 971 3380; baseline 0 -22"><span class='ocrx_word' id='word_1_183' title='bbox 151 3290 312 3369; x_wconf 86' lang='lat' dir='ltr'><strong>tentiam,</strong></span> <span class='ocrx_word' id='word_1_184' title='bbox 329 3289 356 3358; x_wconf 89' lang='lat' dir='ltr'><strong>si</strong></span> <span class='ocrx_word' id='word_1_185' title='bbox 377 3287 504 3356; x_wconf 89' lang='lat' dir='ltr'><strong>viderit</strong></span> <span class='ocrx_word' id='word_1_186' title='bbox 522 3308 601 3356; x_wconf 89' lang='lat' dir='ltr'><strong>eam</strong></span> <span class='ocrx_word' id='word_1_187' title='bbox 619 3286 742 3357; x_wconf 87' lang='lat' dir='ltr'><strong>obesse</strong></span> <span class='ocrx_word' id='word_1_188' title='bbox 759 3287 971 3380; x_wconf 86' lang='lat' dir='ltr'><strong>reipublioae.</strong></span> 
     </span>
    </p>
   </div>
   <div class='ocr_carea' id='block_1_5' title="bbox 182 3531 1164 3698">
    <p class='ocr_par' dir='ltr' id='par_1_5' title="bbox 182 3531 1164 3698">
     <span class='ocr_line' id='line_1_26' title="bbox 182 3531 1164 3619; baseline 0.001 -21"><span class='ocrx_word' id='word_1_189' title='bbox 182 3533 260 3619; x_wconf 78' lang='lat' dir='ltr'><strong>(lap.</strong></span> <span class='ocrx_word' id='word_1_190' title='bbox 277 3554 324 3597; x_wconf 78' lang='grc' dir='ltr'><strong>ιι.</strong></span> <span class='ocrx_word' id='word_1_191' title='bbox 346 3531 457 3598; x_wconf 79' lang='lat' dir='ltr'><strong>Juclioi</strong></span> <span class='ocrx_word' id='word_1_192' title='bbox 471 3531 694 3618; x_wconf 65' lang='lat' dir='ltr'><strong>quandonam</strong></span> <span class='ocrx_word' id='word_1_193' title='bbox 707 3532 883 3596; x_wconf 73' lang='lat' dir='ltr'><strong>sententium</strong></span> <span class='ocrx_word' id='word_1_194' title='bbox 898 3540 1024 3612; x_wconf 80' lang='lat' dir='ltr'><strong>mutare,</strong></span> <span class='ocrx_word' id='word_1_195' title='bbox 1040 3531 1164 3612; x_wconf 66' lang='lat' dir='ltr'><strong>addae,</strong></span> 
     </span>
     <span class='ocr_line' id='line_1_27' title="bbox 581 3635 766 3698; baseline -0.011 0"><span class='ocrx_word' id='word_1_196' title='bbox 581 3644 608 3698; x_wconf 75' lang='lat' dir='ltr'><strong>ot</strong></span> <span class='ocrx_word' id='word_1_197' title='bbox 621 3635 766 3698; x_wconf 80' lang='lat' dir='ltr'><strong>minuero.</strong></span> 
     </span>
    </p>
   </div>
   <div class='ocr_carea' id='block_1_6' title="bbox 150 3773 1198 4329">
    <p class='ocr_par' dir='ltr' id='par_1_6' title="bbox 150 3773 1198 4329">
     <span class='ocr_line' id='line_1_28' title="bbox 200 3773 1198 3868; baseline -0.002 -22"><span class='ocrx_word' id='word_1_198' title='bbox 200 3774 342 3846; x_wconf 89' lang='lat' dir='ltr'><strong>Vitium</strong></span> <span class='ocrx_word' id='word_1_199' title='bbox 369 3775 640 3868; x_wconf 82' lang='lat' dir='ltr'><strong>grammaticum</strong></span> <span class='ocrx_word' id='word_1_200' title='bbox 666 3775 693 3843; x_wconf 92' lang='lat' dir='ltr'><strong>si</strong></span> <span class='ocrx_word' id='word_1_201' title='bbox 721 3774 815 3864; x_wconf 92' lang='lat' dir='ltr'><strong>quod</strong></span> <span class='ocrx_word' id='word_1_202' title='bbox 840 3782 895 3844; x_wconf 88' lang='lat' dir='ltr'><strong>est</strong></span> <span class='ocrx_word' id='word_1_203' title='bbox 921 3775 957 3843; x_wconf 92' lang='lat' dir='ltr'><strong>in</strong></span> <span class='ocrx_word' id='word_1_204' title='bbox 979 3773 1094 3843; x_wconf 86' lang='lat' dir='ltr'><strong>verbis</strong></span> <span class='ocrx_word' id='word_1_205' title='bbox 1120 3795 1198 3844; x_wconf 85' lang='lat' dir='ltr'><strong>sen·</strong></span> 
     </span>
     <span class='ocr_line' id='line_1_29' title="bbox 151 3887 1197 3982; baseline 0.001 -24"><span class='ocrx_word' id='word_1_206' title='bbox 151 3891 280 3971; x_wconf 74' lang='lat' dir='ltr'><strong>tentia,</strong></span> <span class='ocrx_word' id='word_1_207' title='bbox 298 3887 385 3958; x_wconf 89' lang='lat' dir='ltr'><strong>illud</strong></span> <span class='ocrx_word' id='word_1_208' title='bbox 413 3910 475 3979; x_wconf 85' lang='lat' dir='ltr'><strong>per</strong></span> <span class='ocrx_word' id='word_1_209' title='bbox 494 3887 653 3980; x_wconf 85' lang='lat' dir='ltr'><strong>judicem</strong></span> <span class='ocrx_word' id='word_1_210' title='bbox 677 3887 754 3958; x_wconf 93' lang='lat' dir='ltr'><strong>tolli</strong></span> <span class='ocrx_word' id='word_1_211' title='bbox 781 3887 896 3959; x_wconf 82' lang='lat' dir='ltr'><strong>liceat.</strong></span> <span class='ocrx_word' id='word_1_212' title='bbox 950 3890 1061 3959; x_wconf 90' lang='lat' dir='ltr'>Porro</span> <span class='ocrx_word' id='word_1_213' title='bbox 1081 3891 1197 3982; x_wconf 89' lang='lat' dir='ltr'>judex</span> 
     </span>
     <span class='ocr_line' id='line_1_30' title="bbox 150 4002 1196 4087; baseline 0.003 -15"><span class='ocrx_word' id='word_1_214' title='bbox 150 4002 362 4073; x_wconf 89' lang='lat' dir='ltr'><strong>sententiam</strong></span> <span class='ocrx_word' id='word_1_215' title='bbox 381 4002 597 4072; x_wconf 82' lang='lat' dir='ltr'><strong>definitivam</strong></span> <span class='ocrx_word' id='word_1_216' title='bbox 616 4002 725 4081; x_wconf 84' lang='lat' dir='ltr'><strong>latam</strong></span> <span class='ocrx_word' id='word_1_217' title='bbox 743 4027 813 4074; x_wconf 90' lang='lat' dir='ltr'><strong>non</strong></span> <span class='ocrx_word' id='word_1_218' title='bbox 835 4003 949 4074; x_wconf 93' lang='lat' dir='ltr'><strong>solum</strong></span> <span class='ocrx_word' id='word_1_219' title='bbox 968 4014 1116 4087; x_wconf 84' lang='lat' dir='ltr'><strong>mutare,</strong></span> <span class='ocrx_word' id='word_1_220' title='bbox 1135 4004 1196 4075; x_wconf 91' lang='lat' dir='ltr'><strong>sed</strong></span> 
     </span>
     <span class='ocr_line' id='line_1_31' title="bbox 151 4118 1197 4212; baseline 0.001 -22"><span class='ocrx_word' id='word_1_221' title='bbox 151 4127 188 4190; x_wconf 85' lang='lat' dir='ltr'><strong>et</strong></span> <span class='ocrx_word' id='word_1_222' title='bbox 213 4118 376 4212; x_wconf 84' lang='lat' dir='ltr'><strong>supplere</strong></span> <span class='ocrx_word' id='word_1_223' title='bbox 400 4119 436 4188; x_wconf 95' lang='lat' dir='ltr'><strong>in</strong></span> <span class='ocrx_word' id='word_1_224' title='bbox 458 4120 721 4211; x_wconf 83' lang='lat' dir='ltr'><strong>pronunciando</strong></span> <span class='ocrx_word' id='word_1_225' title='bbox 739 4121 783 4191; x_wconf 88' lang='lat' dir='ltr'><strong>de</strong></span> <span class='ocrx_word' id='word_1_226' title='bbox 803 4120 1060 4191; x_wconf 84' lang='lat' dir='ltr'><strong>accessionibus</strong></span> <span class='ocrx_word' id='word_1_227' title='bbox 1078 4131 1115 4191; x_wconf 85' lang='lat' dir='ltr'><strong>et</strong></span> <span class='ocrx_word' id='word_1_228' title='bbox 1132 4123 1197 4191; x_wconf 82' lang='lat' dir='ltr'><strong>ini-</strong></span> 
     </span>
     <span class='ocr_line' id='line_1_32' title="bbox 151 4233 1197 4329; baseline 0.002 -23"><span class='ocrx_word' id='word_1_229' title='bbox 151 4233 426 4306; x_wconf 85' lang='lat' dir='ltr'><strong>minutionibus³</strong></span> <span class='ocrx_word' id='word_1_230' title='bbox 451 4236 643 4317; x_wconf 80' lang='lat' dir='ltr'><strong>actionum,</strong></span> <span class='ocrx_word' id='word_1_231' title='bbox 670 4238 697 4306; x_wconf 88' lang='lat' dir='ltr'><strong>si</strong></span> <span class='ocrx_word' id='word_1_232' title='bbox 730 4246 849 4307; x_wconf 87' lang='lat' dir='ltr'><strong>tamen</strong></span> <span class='ocrx_word' id='word_1_233' title='bbox 882 4237 1005 4306; x_wconf 87' lang='lat' dir='ltr'><strong>eadem</strong></span> <span class='ocrx_word' id='word_1_234' title='bbox 1032 4237 1100 4320; x_wconf 87' lang='lat' dir='ltr'><strong>die,</strong></span> <span class='ocrx_word' id='word_1_235' title='bbox 1127 4261 1197 4329; x_wconf 91' lang='lat' dir='ltr'><strong>qua</strong></span> 
     </span>
    </p>
   </div>
   <div class='ocr_carea' id='block_1_7' title="bbox 273 4369 1074 4452">
    <p class='ocr_par' dir='ltr' id='par_1_7' title="bbox 273 4369 1074 4452">
     <span class='ocr_line' id='line_1_33' title="bbox 273 4369 1074 4452; baseline 0.002 -19"><span class='ocrx_word' id='word_1_236' title='bbox 273 4376 280 4413; x_wconf 92' lang='lat'><strong>¹</strong></span> <span class='ocrx_word' id='word_1_237' title='bbox 297 4376 379 4434; x_wconf 89' lang='lat' dir='ltr'><strong>nulla.</strong></span> <span class='ocrx_word' id='word_1_238' title='bbox 507 4369 677 4452; x_wconf 79' lang='lat' dir='ltr'><strong>²appellari.</strong></span> <span class='ocrx_word' id='word_1_239' title='bbox 796 4375 809 4413; x_wconf 80' lang='lat'>³</span> <span class='ocrx_word' id='word_1_240' title='bbox 823 4378 1074 4436; x_wconf 79' lang='lat' dir='ltr'><strong>immunitionibus,</strong></span> 
     </span>
    </p>
   </div>
   <div class='ocr_carea' id='block_1_8' title="bbox 0 0 1357 4800">
    <p class='ocr_par' dir='ltr' id='par_1_8' title="bbox 0 0 1357 4800">
     <span class='ocr_line' id='line_1_34' title="bbox 0 0 1357 4800; baseline 0 0"><span class='ocrx_word' id='word_1_241' title='bbox 0 0 1357 4800; x_wconf 95' lang='lat' dir='ltr'><strong> </strong></span> 
     </span>
    </p>
   </div>
  </div>
 </body>
</html>
