2692 4800
151 298 223 365 258
352 314 400 364 ou
425 314 603 379 Turrinus,
629 315 836 375 uouuueuc
860 315 991 367 orcus
1200 318 1232 371 o.
1244 318 1260 395 5

256 577 332 662 Gap.
344 596 398 660 52.
431 577 562 642 Tertium
578 576 743 663 productio
761 588 832 664 poet
853 579 1095 646 testimoniorum

542 678 788 764 publicationem.

199 816 369 900 Quamvis
391 820 549 911 partibus
572 842 642 889 non
666 819 874 914 regulariter
899 825 1141 913 permittatur,
1158 834 1202 896 ut

148 943 229 1025 post
250 937 532 1007 testimoniorum
550 935 824 1037 publicationem
842 938 961 1009 denuo
980 938 1071 1011 alios
1086 948 1200 1013 testes

149 1050 354 1140 producant,
366 1051 479 1143 judex
502 1060 619 1122 tamen
638 1053 775 1123 ratione
795 1054 850 1123 sui
868 1053 972 1124 officii
991 1055 1201 1127 nouaclum

150 1170 248 1257 ¹post
280 1167 561 1238 testimoniorum
596 1168 903 1260 publicationem⁹‚
932 1173 995 1241 sed
1030 1181 1069 1243 et
1098 1182 1200 1265 post·

148 1304 254 1373 quam
275 1284 312 1352 in
328 1307 433 1355 causa
455 1283 657 1356 conclusum
679 1294 744 1370 est,
761 1295 870 1356 testes
890 1289 1112 1360 examinatos
1136 1312 1200 1383 po·

148 1406 219 1469 test
240 1399 356 1470 denuo
382 1401 596 1496 interrogare
622 1402 666 1472 de
692 1426 740 1485 re,
758 1424 864 1495 quarn
885 1425 949 1475 sua
974 1406 1199 1497 depositione

147 1518 329 1587 nonsatis
357 1516 550 1588 declarasse
580 1519 731 1602 videtur,
757 1519 786 1588 si
813 1519 888 1611 ejus
918 1495 1049 1593 nbtitia
1074 1544 1199 1594 neces·

146 1634 236 1704 saria
257 1645 320 1733 aut
337 1635 434 1706 utilis
456 1647 623 1728 appareat
639 1635 683 1705 ad
702 1658 817 1706 causae
841 1638 1092 1730 coguitionem.
1148 1638 1200 1711 Et

146 1751 175 1821 si
198 1751 313 1843 judex
342 1775 363 1822 a
390 1749 523 1845 seipso³
551 1751 619 1822 hoc
649 1775 720 1821 non
751 1752 867 1836 faciat,
898 1762 1047 1845 possunt
1075 1766 1199 1849 partes

146 1878 269 1961 petere
285 1870 450 1962 ajudics,
467 1879 509 1939 ut
526 1870 562 1939 id
580 1870 652 1939 fiat.

227 2093 304 2179 Gap.
317 2111 368 2181 53.
402 2093 529 2173 Quando
549 2092 727 2158 admittitor
741 2091 884 2178 probcn'o
901 2103 971 2181 post
991 2097 1118 2161 tortium

546 2194 790 2284 publicat-ionem.

196 2337 331 2409 Rursus
361 2340 496 2432 sipost
526 2340 671 2409 testium
698 2337 972 2433 publicationem
1006 2341 1196 2433 quisquam

145 2454 292 2547 probare
318 2454 450 2547 aliquid
476 2454 638 2536 voluerit,
664 2455 757 2547 quod
783 2456 819 2524 in
844 2456 1017 2548 prioribus
1043 2458 1118 2528 suis
1143 2481 1201 2529 ar-

146 2571 273 2653 ticulis
301 2573 415 2663 quoad
442 2573 689 2641 necessitatem
715 2572 798 2642 lacti
826 2581 863 2641 et
888 2573 1120 2665 probationis,
1144 2577 1200 2645 in-

145 2710 221 2759 esse
247 2690 457 2770 dinoscatur,
484 2689 519 2757 id
547 2690 578 2758 ei
606 2687 806 2758 nullatenus
832 2690 1068 2780 permittatur.
1123 2690 1198 2762 Sed

145 2807 173 2876 si
202 2806 284 2897 quid
312 2805 543 2898 inopinatum,
570 2814 606 2874 et
633 2805 676 2874 de
707 2828 776 2896 quo
803 2806 880 2897 quis
905 2805 1008 2876 facile
1036 2809 1200 2900 cogitare

145 2945 216 2991 non
251 2932 399 3015 poterut,
433 2921 480 3021 ab
514 2920 676 2991 adversa⁴
709 2930 807 3014 parte
847 2921 1035 3013 probatum
1072 2924 1199 3007 suerit,

145 3041 240 3132 quod
266 3063 377 3109 causae
402 3039 545 3108 alterius
571 3061 784 3129 magnopere
810 3049 945 3120 noceat,
972 3063 1043 3109 non
1072 3042 1201 3112 incon-

144 3180 270 3251 gruum
307 3180 382 3226 esse
417 3168 583 3248 putamus
617 3155 653 3224 id
683 3180 704 3225 a
733 3166 834 3247 parte
869 3155 949 3224 laesa
981 3159 1022 3247 (si
1058 3164 1198 3253 potest)

145 3275 371 3367 reprobatum
399 3276 450 3356 iri,
472 3274 709 3366 publicatione
740 3272 884 3355 testium
918 3274 1196 3346 nonobstante.

146 3393 188 3461 In
217 3392 329 3462 causis
359 3393 466 3461 etiam
496 3389 814 3460 matrimonialibus
845 3391 963 3460 lavore
995 3392 1197 3463 arrimarum

145 3509 229 3579 olim
262 3509 495 3579 constitutum
526 3516 612 3589 orat,
637 3517 679 3576 ut
706 3508 852 3577 testium
884 3506 1077 3597 publicatio
1108 3508 1197 3579 alio-

144 3649 223 3696 rum
255 3628 398 3696 testium
430 3626 650 3718 productioni
682 3648 753 3692 non
789 3625 966 3705 obstaret3
1004 3625 1100 3715 quod
1132 3649 1196 3696 nos

145 3743 367 3813 moderantes
402 3744 452 3812 ito
486 3753 733 3833 temperamus,
768 3749 810 3808 ut
845 3737 1037 3830 publicatio
1073 3742 1109 3810 in
1140 3743 1194 3813 his

144 3860 257 3929 causis
283 3883 354 3929 non
381 3867 516 3940 noceat,
542 3858 569 3927 si
596 3867 704 3927 testes
730 3856 782 3925 illi
809 3865 890 3949 post
914 3855 1192 3948 publicationem

144 3976 359 4070 producendi
400 3976 494 4045 omui
537 3976 746 4068 exceptione
787 3975 938 4065 majores
977 3975 1120 4059 fuerint,
1154 3998 1191 4045 ac

145 4093 234 4164 tales
268 4095 327 4184 qui
363 4095 459 4162 omni
490 4104 633 4163 careant
660 4092 866 4183 suspicione,
893 4114 935 4161 ac
965 4090 1092 4182 quibus
1120 4113 1191 4160 me·

200 4250 207 4287 ¹
225 4250 315 4306 solum
333 4259 426 4326 potest
440 4260 513 4326 post.
616 4249 842 4324 ²rcceptionom.
945 4245 1007 4306 ³ex
1023 4252 1139 4326 scripto.

593 4342 606 4379 ⁴
621 4349 738 4404 diversa.
