2692 4800
415 309 654 367 inposuimus
679 308 840 359 ormena.
1077 294 1148 369 109

441 537 518 623 Cap.
540 539 587 602 18.
612 539 662 602 Dc
677 536 810 621 synodis.

148 659 188 732 Si
206 661 400 754 contigerit
420 662 456 730 in
476 659 635 731 Ecclesia
649 683 794 753 gravem
813 659 1002 752 aliquando
1020 659 1149 729 exoriri

121 798 257 858 susam,
287 797 370 867 quae
400 776 475 846 sine
505 777 697 846 multomm
729 776 875 846 consilio
905 776 1150 869 episcoporum

124 893 193 964 aud
211 891 318 963 facile
336 894 446 984 possit
462 894 564 975 liniri,
583 900 659 962 tum
678 892 968 984 archiepiscopus,
985 892 1030 961 ad
1049 893 1151 984 cujus

121 1009 318 1080 rovinciam
336 1032 378 1079 ea
395 1032 500 1079 causa
520 1011 686 1103 pertinet,
703 1030 784 1077 suos
806 1007 987 1100 episcopos
1010 1009 1055 1079 ad
1072 1031 1152 1101 pro·

121 1125 253 1196 inciale
270 1122 479 1196 concilium¹
497 1125 670 1196 evocabit.
723 1121 803 1192 Nec
821 1146 944 1194 eorum
966 1124 1151 1215 quisquam

120 1241 280 1312 ecusabit
307 1242 438 1325 venire,
462 1241 568 1311 modo
594 1239 797 1311 valetudine
819 1239 965 1309 adversa
989 1262 1059 1309 non
1086 1239 1152 1309 im·

120 1359 287 1442 »edietum
313 1359 406 1451 quod
433 1359 461 1428 si
485 1358 609 1428 morbo
632 1367 797 1452 gravatus
820 1356 938 1439 fuerit,
955 1355 1064 1426 alium
1088 1378 1151 1448 pro

120 1497 139 1544 e
165 1476 299 1557 mittat,
317 1475 377 1568 qui
395 1484 433 1545 et
458 1497 555 1544 suam
581 1483 728 1545 excuset
751 1473 958 1553 absentiam,
976 1480 1013 1543 et
1035 1473 1080 1544 de
1097 1471 1152 1543 his

119 1613 181 1682 1¹¹ae
199 1591 446 1661 tractabuntur
462 1613 525 1683 pro
542 1613 579 1660 se
598 1590 806 1682 respondeat
824 1598 862 1659 et
879 1587 1034 1659 deliniat.
1077 1588 1152 1660 Ve-

119 1728 182 1777 um
208 1705 359 1777 concilia
382 1705 460 1777 haec
482 1705 708 1798 provincialia
731 1706 807 1776 sine
830 1714 950 1776 nostra
968 1703 1152 1777 voluntate

119 1846 145 1893 c
156 1823 260 1916 jussu
279 1845 458 1915 nunquam
477 1832 724 1893 convocentur.

162 2051 242 2138 Gap.
262 2073 311 2132 19.
335 2051 386 2115 Do
399 2051 510 2135 synodo
524 2049 679 2135 cujuslibet
693 2051 823 2137 episcopi
838 2052 871 2115 ivs
885 2073 942 2117 usu
957 2051 1089 2118 dt'oecssi.

155 2173 318 2259 Quilibet
331 2174 514 2266 episcopus
532 2175 567 2243 in
584 2197 645 2244 sua
664 2176 803 2244 dioecesi
823 2175 953 2245 babeat
970 2177 1152 2268 synodum,

118 2313 140 2359 n
172 2312 244 2383 qua
271 2312 354 2360 cum
389 2291 460 2361 suis
494 2291 714 2383 presbyteris,
744 2291 914 2383 parochis,
946 2291 1083 2361 vicariis
1116 2303 1154 2362 et

118 2405 251 2489 rlericis,
279 2406 324 2476 de
354 2407 408 2478 his
442 2417 524 2501 agat
559 2407 663 2477 rebus
697 2431 778 2500 quae
812 2430 875 2500 pro
905 2417 1066 2500 tempore
1096 2407 1153 2477 vel

118 2523 354 2595 eonstituenda
371 2534 454 2594 sunt
469 2524 521 2596 vel
541 2525 771 2595 emendanda.
808 2526 954 2596 Etenim
973 2524 1155 2618 aptissima

118 2641 266 2712 ›rolecto
292 2640 469 2711 medicina
496 2640 649 2734 synodus
674 2651 729 2712 est
755 2643 798 2712 ad
826 2643 1066 2735 castigandam
1093 2663 1154 2710 ne-

117 2757 324 2852 gligentiam,
347 2765 385 2828 et
411 2756 587 2828 tollendos
612 2781 755 2840 errores,
774 2760 833 2850 qui
859 2757 1009 2829 subinde
1035 2757 1071 2826 in
1098 2778 1155 2826 ec·

117 2872 222 2944 elesiis
247 2896 310 2966 per
333 2872 512 2943 diabolum
539 2881 577 2943 et
603 2872 713 2944 malos
738 2874 900 2945 homines
926 2873 1155 2943 disseminan-

117 3012 185 3074 ;ur;
211 2989 346 3081 fietque
365 2999 403 3058 ut
425 3011 489 3081 per
504 2988 702 3080 hujusmodi
728 2989 880 3082 synodos
897 2989 1100 3080 conjunctio
1116 2998 1154 3058 ct

117 3105 258 3178 marita
292 3106 385 3175 inter
418 3106 622 3198 episcopum
662 3115 698 3174 et
738 3104 870 3174 clerum
913 3113 1085 3199 augeatur
1117 3113 1154 3173 et

116 3230 275 3294 ervetur.
330 3219 425 3292 Nam
444 3220 505 3291 ille
525 3243 605 3291 suos
623 3220 768 3292 clericos
786 3222 945 3314 proprius
964 3228 1155 3315 cognoscet

116 3348 143 3409 st
160 3337 383 3430 alloquetur;
409 3350 516 3430 atque
530 3337 581 3407 illi
597 3338 745 3407 vicissim
765 3359 882 3408 coram
898 3360 978 3407 eum
996 3336 1153 3418 audient,

116 3467 144 3526 rt
160 3454 302 3547 quaudo
320 3455 369 3524 rei
388 3464 513 3525 natura
530 3452 733 3546 postulabit,
752 3453 1033 3547 interrogabunt.

224 3683 302 3770 Gap.
320 3703 370 3748 20.
394 3683 443 3747 Do
457 3693 585 3769 tempore
600 3693 628 3747 et
642 3682 705 3746 loco
719 3681 829 3767 synodi
844 3679 1034 3766 episcopalis.

156 3803 307 3898 Singulo
325 3828 464 3897 quoque
488 3828 580 3875 anno
603 3804 757 3898 synodus
779 3804 824 3875 ab
842 3803 1005 3896 episcopo
1023 3802 1155 3874 indica-

115 3943 174 4007 :ur‚
200 3928 371 4010 curetque
401 3920 496 3989 diem
528 3919 726 3990 condictam
759 3917 922 3987 omnibus
956 3917 1153 4010 pastoribus

114 4036 164 4128 rui
192 4044 275 4104 sunt
303 4035 337 4102 in
365 4057 450 4129 agro
475 4058 539 4127 per
563 4035 714 4105 decanos
738 4034 807 4104 ruri
834 4055 969 4125 sparsos
995 4032 1151 4111 indicari,

114 4174 166 4222 rua
200 4173 284 4220 vero
324 4150 358 4218 in
398 4151 542 4220 civitate
581 4172 644 4242 per
676 4151 958 4221 concionatorem
995 4149 1152 4220 ecclesia

536 4334 545 4379 ¹
562 4337 720 4395 consilium.
