2692 4800
94 346 130 422 r5.
386 346 437 397 im
462 345 734 398 nocnnsmsrrct
759 343 964 396 renarrem.
1151 323 1200 404 69

301 536 402 648 ἀφ.
419 582 470 643 24.
491 561 790 648 amusement
802 561 1020 627 miscenam.

196 682 374 757 Extremo
395 685 475 758 loco
496 710 578 758 cum
601 687 680 758 finis
702 688 770 758 erit
795 687 906 758 totius
929 682 1150 780 cognitionis,
1168 680 1197 752 si

150 822 299 892 persona
316 802 496 874 videbitur
511 805 557 875 ad
574 802 837 896 suscipiendum
854 801 1087 874 sacerdotium
1106 805 1199 891 apta,

145 914 350 1007 juramento
363 920 545 991 tenebitur
556 920 601 990 ad
614 917 676 990 illa
689 942 770 1012 quae
784 926 980 1011 sequuntur
992 913 1198 1009 proestanda

151 1028 342 1126 Principio,
366 1058 404 1106 se
428 1058 696 1130 permansurum
722 1036 759 1105 iu
784 1043 927 1128 recepta
951 1033 1022 1103 fide
1047 1052 1200 1123 veraque

149 1148 321 1245 religione
345 1160 424 1222 toto
451 1152 533 1222 vitae
558 1152 683 1245 spatio,
700 1152 910 1245 piorumque
935 1169 1075 1241 semper
1098 1145 1199 1216 insti·

149 1272 310 1338 tutorum
340 1268 655 1339 retinentissimum
685 1267 782 1339 fore:
813 1264 1052 1337 monarchiam
1080 1271 1118 1334 et
1145 1270 1201 1354 ty·

148 1382 335 1454 renuidem
353 1383 506 1456 Romani
532 1384 707 1478 pontificis
730 1407 800 1455 non
821 1383 1047 1477 agniturum:
1078 1402 1199 1473 regem

146 1496 291 1594 Angliae
301 1498 537 1583 culturum,et
548 1508 796 1571 veneraturum
809 1498 980 1570 Ecclesiae
991 1495 1200 1591 Angiicanae

147 1636 329 1687 nummum
363 1627 470 1710 caput
504 1618 541 1687 in
576 1618 678 1688 terris
712 1625 792 1709 post
825 1614 1030 1686 Christum:
1070 1612 1200 1683 deinde

147 1732 394 1813 reverentiam,
417 1732 535 1816 fidem,
559 1741 598 1805 et
623 1733 903 1804 summissionem
930 1753 994 1802 suo
1020 1729 1201 1800 exhibitu-

147 1869 228 1918 rum
245 1849 422 1942 episcopo,
439 1850 574 1942 quoad¹
593 1851 712 1920 omnia
728 1848 877 1919 honesta
899 1854 937 1919 et
960 1853 1083 1917 sancta
1105 1843 1200 1916 illius

147 1965 336 2036 mandata:
367 1964 456 2035 nihil
481 1965 628 2057 dejure
654 1965 913 2036 diminuturum
934 1961 1106 2033 Ecclesiae
1132 1959 1199 2030 sibi

145 2082 359 2152 commissae:
377 2089 549 2174 praeterea
565 2103 632 2151 nec
649 2088 755 2152 antea
769 2081 905 2153 dedisse
918 2081 1119 2173 quicquam,
1132 2098 1199 2146 nec

101 2236 104 2241 ·
146 2205 273 2291 postea
294 2198 471 2282 daturum,
493 2207 556 2269 aut
576 2197 622 2268 de
645 2199 761 2268 dando
784 2205 929 2291 pactum
950 2195 1199 2276 intercessisse,

147 2312 206 2386 vel
217 2315 505 2397 intercessurum,
511 2313 566 2385 vel
580 2314 656 2407 ipso
670 2315 830 2397 authore,
837 2312 893 2383 vel
906 2311 976 2383 alio
987 2332 1199 2403 quocunque

144 2439 376 2526 procuratore
393 2439 456 2501 aut
474 2431 613 2516 vicario,
630 2439 793 2524 respectu
810 2429 991 2523 praesentis
1012 2427 1199 2500 sacerdotii

145 2548 243 2640 quod
255 2547 333 2640 jam
350 2547 478 2619 sumit:
505 2555 543 2617 et
561 2548 590 2619 si
607 2548 792 2640 quisquam
811 2545 911 2617 illum
929 2546 1047 2617 celans
1067 2543 1136 2614 hoc
1160 2543 1198 2612 in

144 2686 279 2759 genere
295 2664 482 2756 quicquam
507 2662 652 2734 molitus
675 2672 796 2744 estse
820 2663 1080 2757 quamprimum
1104 2660 1198 2732 norit

144 2780 313 2874 episcopo
342 2781 643 2864 renunciaturum,
669 2788 707 2850 et
737 2780 812 2872 ejus
841 2779 986 2850 arbitrio
1017 2798 1197 2850 cessumm

144 2905 249 2991 parto
285 2898 500 2969 sacerdotio:
539 2905 618 2968 tum
648 2906 768 2968 autem
801 2920 873 2968 non
901 2905 1129 2992 gravaturum
1159 2916 1198 2965 se

145 3013 346 3085 Ecclesiam
371 3037 472 3085 suam
498 3013 599 3085 novis
624 3022 688 3084 aut
713 3014 929 3085 auctioribus
948 3012 1197 3106 pensionibus:

144 3140 337 3224 postremo,
363 3129 393 3199 si
422 3129 515 3200 forte
544 3129 651 3200 sacris
682 3130 863 3200 ordinibus
893 3129 1009 3200 adhuc
1039 3127 1197 3198 imbutus

144 3269 219 3316 non
236 3246 295 3328 sit,
309 3244 423 3338 spatio
440 3266 504 3315 sex
515 3245 692 3315 mensium
709 3247 877 3317 continue
893 3243 1197 3338 subsequentium,

145 3363 347 3445 diaconum,
361 3369 398 3431 et
411 3360 540 3432 deinde
558 3362 672 3454 spatio
689 3363 910 3434 succedentis
922 3362 1005 3433 anni
1016 3360 1198 3456 preshyte-

145 3501 227 3550 rum
244 3500 321 3549 esse
337 3478 509 3561 futurum,
522 3476 580 3548 vel
593 3480 853 3573 quamprimum
871 3480 1078 3551 vicesimum
1096 3479 1198 3571 quin·

144 3604 227 3666 tum
252 3616 385 3665 annum
414 3594 615 3688 perfecerit,
641 3596 670 3666 si
695 3597 788 3668 forte
817 3605 901 3668 ante
926 3595 1015 3667 illud
1040 3596 1085 3667 ad
1111 3618 1198 3689 prm-

144 3710 301 3783 bendam
341 3710 543 3784 liberiorem
579 3714 634 3806 (ut
675 3735 782 3806 supra
823 3712 991 3802 diximus)
1026 3712 1197 3785 admissus

145 3827 268 3898 fuerit.

244 3962 323 4049 Gap.
340 3980 390 4050 25.
414 3963 466 4028 Do
480 3962 521 4028 iia
535 3963 589 4049 qui
603 3973 710 4029 moero
723 3963 758 4029 io
772 3963 915 4048 beneficio
929 3962 1108 4050 irronmtmt

566 4064 776 4132 ecclesiastico.

199 4188 248 4260 Et
265 4186 311 4261 n'e
332 4188 411 4281 quis
428 4210 586 4283 praeceps
608 4189 646 4259 in
669 4188 880 4284 dignitatem
904 4198 967 4260 ant
983 4188 1195 4260 beneficium

619 4333 626 4373 ¹
643 4339 729 4413 quod.
