2692 4800
524 285 811 355 APPENDIX.
1127 287 1191 348 327

187 477 217 530 9,
237 471 280 513 ια.
302 465 413 514 tantum
428 458 519 514 added
534 459 571 533 by
586 458 733 514 Cranmer.

187 584 237 619 -,
256 573 301 628 14.
324 555 430 612 altered
443 556 481 630 by
496 555 543 612 Cr.
580 555 729 631 originally
744 555 766 610 it
780 573 830 610 ran
845 554 912 610 thus
933 554 968 609 ad
983 571 1078 609 earnm
1094 560 1191 607 aucto·

146 651 260 709 ritatem
283 652 391 709 nullum
416 653 531 710 omnino
556 662 714 728 respectum
743 652 886 717 habeant;
918 661 947 708 et
969 651 999 706 hi
1023 649 1192 725 peculiarem

146 750 288 823 quendam
313 750 366 808 sibi
399 750 528 825 spiritum
555 758 700 825 arrogant,
724 769 741 806 a
765 769 822 824 quo
846 748 1018 823 suppeditari
1046 747 1192 804 scientiam

147 864 241 902 rerum
255 845 405 904 affirmant.

187 973 228 986 -
245 943 290 1001 16.
310 943 372 1001 The
386 944 448 1001 title
462 952 492 1000 to
507 944 576 1018 Cap.
592 960 608 1016 3
625 944 649 1000 is
670 944 699 999 in
721 943 797 1001 Cr.'s
811 943 933 1018 writing.
949 942 998 999 the
1012 940 1118 998 former
1131 940 1193 998 title

146 1040 221 1108 Qae
235 1042 358 1098 secunda
372 1042 457 1099 tertia
471 1050 580 1115 quarta,
595 1041 682 1118 being
699 1041 807 1098 erased.

188 1170 229 1181 -—
244 1156 291 1196 22.
314 1138 419 1195 molum
433 1137 526 1196 added
539 1137 576 1214 by
587 1136 640 1196 Cr.

187 1268 228 1279 -
245 1236 291 1293 26.
314 1236 453 1310 abrogato
470 1236 531 1310 jam
549 1242 579 1292 et
593 1232 722 1293 obsoleto
742 1234 856 1311 penitus
877 1230 985 1291 altered
1004 1233 1041 1307 by
1056 1232 1104 1289 Cr.
1142 1230 1192 1288 the

147 1334 253 1390 former
267 1334 386 1410 reading
400 1333 488 1390 nihilo
502 1333 589 1408 being
603 1333 712 1390 erased.

194 1449 238 1494 ιο,
255 1447 282 1487 2.
305 1430 339 1487 ln
362 1430 411 1486 the
433 1428 499 1486 MS.
520 1429 569 1486 the
594 1431 647 1499 4th
667 1432 736 1506 Cap.
759 1429 894 1505 proceeds
917 1429 984 1486 thus
1007 1426 1194 1501 Subsequitur

147 1526 235 1583 etiam
247 1525 350 1582 tertius
363 1525 476 1581 illorum
491 1544 570 1582 error
586 1527 635 1600 qui
656 1536 747 1583 morte
768 1526 875 1582 Christi
897 1526 982 1582 telem
1004 1525 1086 1581 nobis
1106 1522 1192 1579 licen·

149 1624 217 1679 tium
240 1641 403 1680 concessam
429 1631 457 1680 et
481 1624 678 1699 impunitatem
696 1624 823 1679 omnium
847 1641 942 1679 rernm
964 1622 1004 1677 ita
1027 1619 1193 1695 permissam

148 1721 331 1787 arbitrantur,
345 1729 377 1776 ut
392 1739 427 1777 ne
441 1739 552 1776 morum
574 1720 688 1795 quidem
709 1719 764 1776 illis
786 1717 950 1776 solennibus
971 1717 1100 1792 decalogi
1121 1735 1193 1791 prze-

146 1818 238 1892 oeptis
252 1825 408 1881 teneamur,
423 1836 475 1873 nec
490 1816 554 1874 ullis
568 1818 688 1892 denique
705 1817 820 1891 reliquis
834 1817 900 1873 vitre
921 1816 1026 1872 sanctis
1048 1813 1193 1880 institutis,

147 1915 249 1990 quibus
264 1933 350 1972 sacrae
366 1915 519 1989 Scripturas
534 1934 689 1990 perspersae
704 1923 780 1972 sunt.
823 1914 851 1970 lt
865 1914 889 1970 is
906 1913 1052 1970 uncertain
1067 1911 1194 1968 whether

149 2013 200 2070 the
213 2031 326 2070 musore
343 2030 401 2068 was
415 2012 453 2087 by
467 2014 515 2068 Cr.

192 2140 228 2152 -
244 2128 272 2181 4.
294 2110 404 2167 duabus
418 2111 510 2167 added
524 2111 561 2186 by
576 2110 625 2167 Cr.

189 2239 230 2250 -—
247 2225 293 2263 ιο.
315 2216 461 2282 assumpto
475 2218 504 2265 et
518 2208 547 2264 in
562 2208 680 2284 virginis
694 2218 804 2265 uterum
820 2205 911 2264 added
926 2207 964 2282 by
979 2206 1039 2269 Cr..
1056 2206 1120 2262 who
1134 2207 1194 2263 also

149 2307 249 2384 placed
266 2306 315 2364 the
329 2307 409 2363 word
425 2306 594 2363 Valentinus
607 2308 637 2362 in
651 2307 700 2363 the
714 2307 835 2381 margin.

190 2438 231 2447 —
249 2422 294 2462 12.
318 2403 443 2461 Verbum
468 2405 497 2460 in
517 2405 611 2460 caruis
636 2413 764 2461 naturam
788 2422 955 2461 conversum
979 2411 1106 2460 asserunt
1132 2422 1194 2477 quae

148 2503 256 2559 altered
270 2502 308 2577 by
323 2501 373 2560 Cr.
388 2502 461 2558 from
476 2502 526 2559 the
540 2500 588 2559 old
603 2502 721 2576 reading
735 2502 893 2559 Eutichetis
912 2502 1053 2559 somnium
1074 2501 1110 2557 de
1131 2520 1192 2557 cor·

149 2617 218 2673 pore
233 2597 342 2656 Christi
356 2599 534 2661 resuscitant.
550 2600 626 2674 quod

189 2729 230 2742 -
249 2715 293 2768 ¹4·
315 2716 332 2753 a
346 2706 438 2754 morte
451 2697 545 2754 added
560 2698 597 2772 by
611 2698 661 2754 Cr.

189 2825 229 2837 —
244 2826 285 2836 -
305 2813 402 2851 rursus
416 2795 526 2851 instead
541 2794 573 2851 of
584 2795 680 2851 statim
709 2793 758 2850 Cr.

189 2923 230 2933 -
250 2903 292 2966 15.
313 2910 455 2949 reversam
469 2892 579 2949 instead
594 2892 626 2948 of
637 2909 805 2948 conversam
830 2892 877 2946 Cr.

190 3019 231 3029 —
249 3005 294 3062 17.
316 2999 365 3046 aut
385 3007 485 3046 omues
507 2989 586 3046 locos
606 2988 690 3045 simul
709 2998 757 3044 ant
776 2988 940 3045 innumeros
963 2988 1010 3045 Cr.
1030 2989 1141 3046 instead
1165 2989 1197 3045 oi

147 3104 263 3142 omnem
277 3086 381 3143 locum.

190 3216 231 3225 —
248 3202 293 3255 24.
315 3184 373 3253 Qui
388 3202 497 3240 errores
512 3202 611 3240 omnes
625 3185 673 3240 Cr.
688 3184 798 3242 instead
813 3183 845 3239 of
857 3183 929 3253 Qua
944 3185 999 3240 tria

190 3312 232 3324 —
248 3281 292 3338 ab
315 3280 504 3356 sempiternus
518 3282 609 3340 added
624 3283 661 3358 by
676 3282 725 3339 Cr.

189 3412 230 3421 —
246 3397 295 3454 27.
317 3398 353 3437 ex
368 3389 497 3454 ternpore
516 3380 711 3437 ...materia
725 3399 809 3455 qnam
824 3380 916 3436 added
930 3380 967 3455 hy
983 3381 1030 3437 Cr.

189 3510 230 3521 -
245 3496 293 3555 29.
315 3488 425 3535 verset
439 3478 531 3536 added
545 3478 583 3553 by
598 3479 646 3535 Cr.

189 3609 230 3621 —
244 3593 292 3648 30.
315 3596 348 3633 ac
367 3573 606 3651 quemadmodum
625 3574 944 3650 ....circumscriptum
967 3576 1014 3633 Cr.
1034 3576 1144 3633 instead
1166 3577 1198 3635 of

148 3674 199 3730 the
212 3673 359 3750 following
372 3673 478 3730 factum
492 3682 521 3731 et
534 3691 718 3748 expressum
740 3673 818 3748 quod
832 3692 900 3730 sane
919 3693 1022 3749 corpus
1038 3683 1070 3731 ut
1083 3684 1194 3733 tautum

148 3772 237 3829 semel
259 3781 303 3829 est
321 3772 465 3838 effectum,
486 3771 525 3828 ita
546 3770 634 3828 semel
659 3779 688 3828 et
706 3772 788 3827 unico
810 3779 938 3845 tempore
959 3771 988 3827 in
1009 3791 1120 3830 crucem
1142 3791 1195 3846 pro

149 3871 293 3928 communi
315 3871 406 3929 salute
426 3879 525 3928 nostra
539 3889 604 3927 vere
626 3869 777 3935 sublatum,
793 3879 822 3927 et
836 3870 876 3927 ibi
890 3871 954 3928 Deo
974 3871 1047 3945 patri
1068 3870 1194 3928 oblatum

148 3976 203 4025 est.
246 3968 307 4025 The
320 3978 521 4045 arrangement
536 3968 568 4025 oi
579 3968 628 4024 the
643 3976 791 4024 sentences
806 3987 864 4025 was
878 3968 937 4025 also
952 3968 1059 4025 altered
1073 3969 1110 4045 by
1125 3971 1173 4026 Cr.

194 4082 241 4128 11,
260 4083 306 4138 14.
328 4065 477 4122 veritatem
491 4064 601 4121 instead
616 4063 856 4121 etauctoritatem
871 4065 920 4121 Cr.

191 4192 231 4204 —
251 4179 261 4217 ι
268 4178 294 4236 5.
315 4161 344 4218 in
359 4162 471 4218 Adamo
490 4207 495 4219 .
508 4207 515 4219 .
530 4206 536 4218 .
549 4206 555 4218 .
566 4159 711 4217 transierit
724 4159 816 4216 added
829 4160 868 4234 by
881 4159 930 4217 Cr.

191 4291 232 4300 -
248 4276 296 4315 22.
318 4258 372 4315 alia
386 4257 499 4332 speciali
513 4257 605 4314 added
619 4257 656 4334 by
672 4257 720 4313 Cr.

190 4391 231 4402 -
248 4374 262 4411 2
264 4374 293 4427 3.
316 4356 398 4412 Alter
412 4363 488 4413 recte
501 4354 551 4413 the
566 4355 660 4413 words
674 4363 703 4412 et
717 4353 840 4433 perfecte
855 4354 954 4413 mered
967 4354 1006 4431 by
1020 4354 1070 4413 Cr.

1244 4384 1296 4518 Δ
