2640 4806
142 243 213 307 182
417 259 467 309 nn
484 258 877 311 nxconnuurcenoun

139 420 176 481 et
192 410 353 502 precibus
371 418 408 480 et
425 410 719 504 gratulationibus
736 411 836 483 etad
853 419 1059 481 extremum
1077 411 1182 482 etiarn

139 525 265 597 osculis
282 527 538 620 consignemus.
582 526 637 598 'l'u
655 551 750 611 vero,
767 528 818 598 mi
834 527 954 609 frater,
974 527 1132 620 primum
1147 536 1183 598 et

138 653 222 712 ante
244 645 363 714 omnia
385 643 421 712 in
440 653 476 713 te
499 645 574 735 ipse
594 644 778 725 descende,
795 666 836 715 ac
859 652 963 713 tunm
981 642 1094 736 ipsius
1112 641 1183 713 uni·

137 782 246 840 mum,
270 768 398 829 testem
426 768 464 830 et
484 760 645 852 Jndicem
669 759 842 831 adhibens
866 757 999 842 Deum,
1021 757 1184 830 omnibus

137 875 295 965 partibus
308 884 546 966 perscrutare3
564 877 682 969 cogite
695 871 745 945 tel
759 895 878 944 coram
890 871 969 944 Deo
981 873 1183 955 consistere,

137 1010 207 1057 non
239 1011 356 1059 coram
385 988 587 1059 hominibus
612 988 727 1059 solnm
752 1010 930 1081 apparere,
957 1010 1026 1059 nec
1056 988 1094 1058 in
1118 987 1183 1059 hoe

137 1104 263 1175 saeculo
281 1113 422 1175 tantum
438 1105 514 1175 haec
535 1128 616 1175 cum
634 1105 835 1175 hominibus
853 1113 892 1177 te
909 1113 1065 1177 tractore
1088 1113 1182 1197 puta,

136 1223 196 1291 sed
221 1223 256 1291 in
274 1221 364 1293 coelo
384 1224 560 1315 praecipue
586 1219 686 1292 cum²
703 1220 859 1291 Domino
876 1219 977 1293 De0³
994 1220 1105 1293 Patre
1124 1243 1184 1292 no-

136 1345 218 1409 stro.
284 1338 510 1431 Quapropter
543 1337 811 1432 diligentissime
846 1336 912 1407 tibi
945 1335 1184 1430 circumspici·

136 1453 228 1522 enda
254 1462 337 1522 sunt
364 1454 492 1534 omnia,
516 1475 561 1522 ne
589 1453 758 1547 religione
788 1453 858 1523 mei
887 1454 1047 1524 muneris
1072 1453 1120 1525 nd
1144 1452 1184 1523 il·

136 1567 329 1638 ludendum
360 1567 439 1639 Deo
466 1578 504 1638 et
530 1567 678 1661 Spiritui
704 1579 826 1640 saneto
848 1569 1000 1662 turpiter
1024 1568 1180 1641 abutare.

136 1682 243 1755 Certe
260 1684 415 1776 quidem,
433 1685 481 1753 mi
503 1684 622 1767 frater,
639 1694 821 1776 utcunque
838 1706 903 1754 nos
924 1683 1183 1755 tumultuamur

135 1799 262 1883 miseri,
295 1799 394 1868 Deus
425 1821 489 1870 nos
518 1788 681 1870 erudiet'
726 1797 853 1890 Itaque
885 1798 1119 1871 vehementer
1146 1808 1182 1869 et

134 1917 263 1986 iterum
293 1926 400 2007 atque
426 1917 557 1986 iterum
582 1915 735 2007 provide,
763 1938 809 1986 ne
835 1916 1026 2008 quicquam
1052 1917 1090 1986 in
1116 1915 1181 1986 hoo

134 2031 279 2125 negotio
304 2032 524 2101 sanctissimo
541 2011 751 2101 veteratorie
770 2030 825 2100 vel
848 2031 1113 2102 dissimulanter
1134 2031 1182 2101 ie·

134 2148 233 2216 ceris.
286 2144 365 2216 Nos
389 2148 528 2216 externi
546 2155 656 2217 testes
679 2168 801 2216 snmus
823 2147 1079 2219 summissionis
1101 2156 1179 2230 tue,

135 2283 240 2352 quam
262 2261 492 2353 contemplati
517 2282 660 2344 sumus3
695 2261 756 2331 sed
779 2261 879 2333 Deus
901 2263 938 2332 in
964 2270 1122 2334 secretos
1145 2269 1181 2331 et

134 2378 276 2469 penitus
313 2376 491 2447 abstrusos
528 2377 658 2446 mentis
697 2386 767 2447 tuae
800 2399 956 2449 secessus
989 2378 1114 2462 intret,
1145 2386 1181 2448 et

134 2493 325 2563 ulciscetur
343 2493 559 2585 gravissime,
577 2492 605 2561 si
624 2493 813 2584 quicquam
833 2494 869 2561 in
887 2502 924 2563 te
945 2493 1102 2586 perfidiae
1124 2493 1182 2564 de·

133 2607 370 2702 prehenderit.
422 2607 646 2698 Quapropter
662 2607 847 2699 amplifica,
866 2609 914 2676 mi
933 2607 1055 2691 frater,
1073 2629 1180 2699 quan-

135 2730 211 2792 tum
231 2724 267 2791 in
285 2733 322 2792 te
342 2731 408 2802 est,
428 2722 496 2791 Dei
513 2722 661 2814 gloriam
676 2745 685 2804 3
711 2721 806 2813 quod
824 2722 1002 2792 uberrime
1020 2723 1136 2804 facies,
1154 2722 1180 2792 si

134 2847 276 2908 tuorum
295 2838 462 2907 vitiorum
480 2837 600 2907 sordes
617 2835 848 2906 vehementer
864 2846 902 2908 et
919 2839 1010 2909 serio
1028 2839 1181 2909 detesta-

134 2962 192 3023 tus
216 2953 333 3034 fueris,
351 2963 388 3022 et
414 2975 553 3045 prorsus
575 2975 699 3022 eorum
724 2974 866 3021 omnem
892 2954 1099 3024 memoriam
1125 2954 1183 3024 alr

134 3067 285 3138 horreas.
338 3069 373 3138 Is
397 3070 491 3139 enim
509 3069 686 3138 maximus
707 3076 761 3138 est
778 3069 903 3138 divinae
919 3069 1040 3162 gloriae
1066 3069 1184 3162 splen·

134 3184 210 3268 dor,
223 3193 265 3254 ut
278 3208 342 3254 nos
359 3185 424 3277 ipsi
443 3193 645 3254 aversantes
661 3168 699 3253 et
712 3183 927 3276 abjicientes,
936 3185 1007 3256 Dei
1026 3185 1183 3256 favorem

134 3323 196 3392 per
223 3300 355 3370 Christi
384 3299 466 3369 Filii
496 3301 757 3371 sanctissimum
784 3323 913 3371 nomen
942 3300 1182 3394 imploremus.

135 3416 184 3487 Et
209 3416 277 3485 hoo
300 3439 410 3486 unum
429 3426 482 3486 est
508 3415 685 3486 excellens
710 3416 838 3485 divinoe
856 3417 1026 3487 bonitatis
1050 3415 1182 3498 lumen,

135 3544 176 3603 ut
188 3534 313 3625 spretis
331 3532 496 3603 omnibus
512 3533 589 3603 aliis
604 3542 642 3602 et
655 3532 882 3616 conculcatis,
894 3533 969 3604 sola
981 3533 1052 3603 Dei
1068 3531 1184 3603 Patris

134 3659 171 3718 et
188 3649 343 3740 gratuita
365 3650 603 3719 misericordia
626 3670 895 3732 conservemur;
920 3671 1027 3741 qnam
1046 3648 1114 3719 tibi
1131 3670 1184 3720 sa·

135 3761 257 3841 intem,
276 3771 313 3832 et
330 3762 433 3832 nobis
451 3764 560 3833 etiam
578 3763 751 3847 omnibus,
765 3763 934 3858 largiatur
950 3764 1050 3836 Deus
1063 3763 1182 3846 Pater,

135 3879 191 3948 cui
210 3901 291 3947 oum
311 3878 401 3948 Filio
424 3878 471 3950 sit
488 3888 525 3948 et
544 3877 691 3971 Spiritui
717 3889 839 3950 sancto
863 3882 1101 3973 sempitemns
1122 3879 1183 3949 ho-

135 4016 209 4063 nos.
237 3992 387 4063 Amen.”
439 3994 544 4065 Hanc
568 3996 763 4066 orationem
782 4018 864 4066 cum
889 4005 1008 4088 pastor
1024 3994 1183 4088 explicu-

136 4112 213 4191 erit,
235 4133 315 4179 reus
342 4111 376 4178 in
405 4110 515 4180 oculis
544 4123 580 4180 et
608 4112 750 4181 auribus
778 4111 1183 4183 eoelesiaecironr'·'11sae

595 4242 606 4280 ²

233 4245 239 4282 ¹
257 4251 390 4325 cogitato.
621 4269 726 4306 corum.
932 4245 1020 4307 ³Deo
1035 4268 1087 4306 om.
