2692 4800
154 264 222 319 xxiv
476 259 695 326 PRAEFATIO,
719 261 773 317 En.
790 272 875 336 1571.

154 413 212 478 (lui
239 422 273 478 et
297 413 356 477 hoc
383 434 479 498 porro
502 412 675 476 accedebat
703 411 905 489 incommodi,
929 413 1013 497 quod
1041 435 1139 498 quum
1161 413 1201 477 ab

153 514 193 578 iis
217 514 344 599 judiciis
374 512 483 600 procul
507 513 610 577 omnis
635 513 765 598 politica
789 520 934 599 potestas
958 522 1132 593 arceretur,
1158 514 1202 578 in-

154 617 248 682 terim
270 623 342 682 tota
363 616 423 681 fori
446 616 599 680 tractatio
622 615 727 680 nescio
748 615 862 702 quibus
882 615 1057 681 canonistis
1081 624 1115 681 et
1138 617 1201 680 offi-

155 720 286 786 cialibus
307 720 450 805 patebat,
471 741 605 805 quorum
627 740 743 804 magna
764 740 840 803 pars
861 740 901 782 ex
922 718 1032 784 litibus
1054 718 1203 785 victitans

154 845 246 887 suum
277 822 378 908 magis
415 823 583 907 spectabat
618 820 847 906 compendium,
877 843 973 906 quam
1001 821 1131 886 vimutis
1166 843 1203 887 ac

154 947 278 989 morum
300 924 533 990 rectitudinem.
569 923 618 988 Ut
636 923 737 988 multa
756 922 807 986 hic
825 922 1019 1007 supprimam
1038 924 1202 990 modestia

155 1049 260 1104 causa,
286 1027 431 1092 fortassis
461 1049 525 1090 non
553 1026 785 1111 praetereunda,
811 1026 838 1088 si
866 1047 929 1089 nou
959 1026 1073 1110 pudori
1104 1028 1203 1115 magis

156 1130 320 1194 consulere
335 1151 430 1214 quam
449 1129 572 1194 calamo
591 1127 754 1213 indulgere
774 1127 835 1192 hoc
855 1127 924 1193 loco
943 1128 1097 1194 libuisset.

199 1231 391 1296 Postulabat
415 1253 491 1296 sane
514 1231 583 1295 haec
612 1236 707 1294 tanta
736 1251 843 1293 rerum
869 1229 1035 1314 dissipatio
1062 1252 1204 1296 necessa-

155 1333 235 1398 riam
260 1333 524 1398 emendationem.
573 1333 684 1419 Neque
709 1333 820 1398 fefellit
842 1333 1017 1397 Ecclesiam
1043 1355 1135 1398 suam
1160 1334 1204 1397 di-

155 1435 229 1499 viua
249 1434 461 1520 providentia,
484 1435 575 1518 cujus
600 1433 751 1519 singulari
774 1435 926 1499 beneficio
950 1435 1048 1521 coepit
1073 1437 1204 1501 taudem

156 1544 317 1624 utcunque
352 1537 533 1615 scintillare,
563 1537 650 1602 velut
679 1559 696 1602 e
729 1560 837 1603 crassa
871 1539 995 1615 nebula,
1024 1539 1204 1624 promicans

157 1640 336 1705 sincerioris
365 1640 525 1726 religionis
554 1662 642 1715 aura,
669 1647 824 1725 regnante
848 1641 1109 1726 auspicatissimae
1138 1664 1203 1708 me-

157 1743 266 1807 moriae
291 1763 366 1828 rege
388 1742 528 1806 Henrico
553 1750 686 1807 octavo:
718 1743 773 1829 qui
796 1765 906 1829 regum
929 1745 1070 1809 omnium
1093 1745 1127 1809 in
1146 1745 1205 1810 boc

0 1914 2 1927 ‚
37 1824 98 1936 Ἰ
157 1867 256 1932 regno
278 1844 399 1930 pumus
420 1867 537 1931 magno
557 1845 736 1929 reipublicae
751 1847 835 1910 bono
851 1846 1010 1931 pontificis
1032 1847 1128 1932 hujus
1149 1868 1204 1912 no·

157 1970 229 2013 men
244 1970 316 2013 cum
331 1948 564 2034 superbissimis
581 1948 720 2013 fascibus
739 1971 869 2035 prorsus
885 1972 903 2014 e
917 1951 1007 2036 regni
1021 1951 1139 2016 finibus
1152 1973 1205 2016 ex-

155 2058 306 2117 cusserat.
352 2052 435 2132 Quin
453 2074 511 2116 nec
529 2074 567 2116 eo
589 2059 758 2117 contentus
778 2052 928 2116 cordatus
948 2075 1014 2130 rex,
1031 2059 1069 2118 ut
1090 2075 1204 2118 nomen

155 2155 319 2240 nudosque
348 2154 450 2218 solum
475 2155 587 2219 titulos
617 2178 637 2219 a
661 2176 695 2218 se
721 2153 849 2238 suisque
874 2155 1054 2240 depelleret,
1081 2155 1143 2219 nisi
1173 2162 1206 2221 et

153 2260 227 2343 jura
249 2257 441 2342 decretaque
462 2257 578 2334 omnia,
602 2256 716 2342 quibus
737 2256 842 2320 adhuc
863 2256 1127 2343 obstringebatur
1147 2257 1206 2320 Ec·

20 2417 27 2425 .
156 2359 260 2438 alesia,
284 2358 516 2444 perfringeret;
541 2360 603 2423 huc
625 2381 749 2445 quoque
769 2359 910 2423 animum
931 2359 1059 2444 adjecit,
1078 2366 1116 2424 ut
1137 2359 1205 2423 uui·

0 2472 20 2555 j*
117 2531 130 2562 r
157 2485 280 2528 versam
295 2484 401 2526 secum
416 2461 641 2547 rempublicam
656 2462 688 2525 iu
703 2462 828 2547 plenam
843 2469 1000 2526 assereret
1014 2462 1205 2527 libertatem.

160 2565 315 2647 Quocirca
339 2587 411 2629 cum
434 2587 473 2629 ax
497 2564 606 2650 ipsius,
627 2571 695 2629 tum
720 2587 760 2628 ex
779 2565 905 2650 publico
925 2571 1055 2630 senatus
1077 2567 1206 2631 decreto

3 2671 16 2752 ¹·
64 2681 113 2758 ἀϊ
132 2747 138 2759 ⁸
158 2667 272 2733 delecti
293 2674 368 2731 suut
390 2667 448 2731 viri
468 2667 600 2751 aliquot,
622 2690 681 2731 usu
703 2673 737 2731 et
756 2667 903 2731 doctrina
924 2675 1126 2753 praestantes,
1148 2690 1205 2732 nu·

158 2792 245 2834 mero
274 2768 408 2855 triginta
437 2769 510 2845 duo,
538 2768 592 2854 qui
619 2768 746 2854 penitus
767 2768 923 2832 abolendo
950 2767 1113 2853 pontificio
1132 2768 1206 2853 juri,

159 2872 259 2958 (quod
281 2871 468 2936 canonicum
488 2873 661 2953 vocamus,)
678 2893 749 2934 cum
771 2870 856 2935 omni
879 2869 932 2934 illa
952 2870 1156 2934 decretorum
1175 2878 1208 2936 et

157 2974 366 3039 decretalium
389 2974 553 3050 facultate,
577 2995 674 3039 novas
698 2973 758 3058 ipsi
783 2973 879 3058 leges,
903 2995 973 3058 quie
999 2973 1207 3037 coutroversi-

156 3099 247 3141 arum
270 3085 303 3143 et
325 3100 449 3142 morum
467 3076 588 3162 judicia
609 3083 767 3162 regerent,
783 3075 868 3162 regis
890 3075 1017 3140 nomine
1039 3083 1073 3140 et
1093 3078 1207 3142 autho·

157 3180 254 3245 ritate
273 3187 489 3266 surrogarent.
526 3180 566 3244 Id
582 3179 666 3265 quod
682 3202 722 3243 ex
740 3179 838 3264 ipsius
855 3179 939 3265 regis
953 3179 1098 3264 epistola,
1112 3203 1207 3264 quam

156 3282 229 3346 huic
259 3283 451 3368 praefiximus
481 3283 573 3359 libro,
600 3290 747 3347 constare
776 3281 905 3366 poterit,
931 3303 1001 3366 quae
1030 3289 1064 3346 et
1090 3283 1208 3347 serium

155 3384 254 3469 ipsius
283 3385 316 3447 in
346 3385 405 3449 hac
435 3407 470 3449 re
499 3385 641 3449 studium
670 3392 704 3449 et
733 3384 820 3470 piam
846 3384 1042 3447 voluntatem
1071 3385 1206 3469 aperiat.

159 3487 368 3552 Laudandum
403 3487 547 3573 profecto
581 3487 665 3573 regis
701 3486 908 3573 propositum,
942 3506 1000 3548 nec
1035 3484 1207 3551 illaudandi

157 3589 302 3654 fortassis
332 3611 442 3653 eorum
471 3599 617 3666 conatus,
646 3590 700 3675 qui
729 3590 815 3675 leges
844 3596 915 3652 tum
945 3588 1024 3663 illas,
1054 3588 1130 3653 licet
1158 3589 1208 3653 his

157 3692 249 3778 longe
279 3691 457 3771 dissimiles,
487 3693 751 3778 conscripserant.
804 3691 868 3756 Sed
893 3691 998 3775 nescio
1024 3714 1086 3777 quo
1113 3693 1208 3758 modo

158 3815 283 3878 quaque
306 3793 471 3858 occasione
493 3816 545 3857 res
568 3816 714 3859 successu
736 3795 853 3871 caruit,
872 3793 937 3858 sive
962 3800 1143 3879 temporum
1163 3796 1209 3859 in-

157 3895 303 3981 iquitate,
326 3895 391 3959 sive
413 3895 511 3959 nimia
532 3916 642 3958 eorum
664 3896 849 3972 cessatione,
874 3895 989 3979 quibus
1013 3902 1090 3960 tunc
1115 3919 1208 3983 nego-

159 3996 239 4061 tium
259 3996 529 4062 committebatur.

203 4100 354 4185 Sequitur
377 4107 451 4184 post
475 4100 543 4164 haec
570 4099 653 4186 regis
679 4101 809 4164 tandem
837 4100 969 4163 Henrici
995 4122 1089 4177 mors,
1115 4124 1208 4186 aequo

159 4202 287 4288 pulsans
308 4202 388 4287 pede
408 4225 584 4288 pauperum
599 4203 750 4267 tabernas
765 4225 938 4287 regumque
957 4212 1070 4268 turres.
1128 4205 1208 4268 Post
