2692 4800
483 309 532 361 nn
557 310 857 364 nxcnmournus.
1123 298 1199 383 287,

203 574 284 661 (inp.
300 592 352 640 ιο.
374 575 425 640 De
438 576 605 663 acceptione
619 586 726 642 contm
739 586 834 656 testeo,
849 577 1017 660 ammorii
1023 586 1031 621 ¹
1048 578 1097 653 ut,
1113 590 1142 643 et

534 680 684 765 quamdiu
698 678 808 745 caleat.

197 815 376 910 Exceptio
401 825 523 888 contro
543 826 663 901 testes,
681 841 763 889 oum
786 841 858 889 non
882 820 929 889 sit
953 818 1125 902 dilatoria,
1144 821 1197 891 in·

147 937 283 1008 directe
299 944 338 1008 et
355 934 499 1027 oblique
516 944 572 1006 eet
587 937 835 1029 peremptorie
885 935 981 1007 Nem
999 959 1042 1008 en
1058 946 1196 1030 spectet

146 1060 189 1123 nt
205 1052 451 1147 probationem
472 1050 588 1138 tollet,
605 1074 675 1144 que
699 1051 839 1124 sublate
857 1052 918 1145 jus
943 1055 1070 1125 notorie
1096 1053 1197 1125 elidi·

146 1175 217 1237 tur.
270 1164 325 1236 Ee
340 1188 424 1236 vero
442 1163 575 1259 duplex
593 1173 670 1236 eet:
696 1188 781 1236 nem
798 1164 856 1236 vel
882 1174 1005 1237 contre
1030 1188 1196 1259 personae

147 1283 295 1355 testium
312 1284 496 1376 excipitur,
514 1307 596 1354 cum
614 1284 792 1356 criminosi
810 1284 987 1369 dicuntur,
1004 1282 1061 1355 vel
1077 1282 1196 1377 eliqua

145 1398 217 1472 elie
240 1400 378 1471 ratione
403 1423 473 1471 non
500 1400 627 1483 idonei,
646 1399 703 1473 rel
724 1410 848 1472 contro
864 1401 1010 1471 testium
1029 1401 1136 1484 dicte,
1153 1409 1195 1471 ut

147 1539 230 1589 cum
256 1516 335 1588 fulsi
361 1526 566 1612 arguuntur.
626 1517 801 1611 Exceptio
828 1518 939 1612 igitur
967 1525 1091 1588 contre
1117 1539 1196 1610 per-

146 1656 249 1706 ronae
270 1636 418 1706 testium
438 1658 549 1728 neque
568 1635 614 1706 od
639 1636 852 1706 sententium
881 1642 998 1727 potest
1024 1633 1128 1726 objici
1155 1643 1193 1704 et

147 1751 297 1846 probari.
354 1750 484 1823 Postea
501 1774 584 1823 vero
604 1775 676 1822 non
696 1752 871 1838 audietur,
888 1751 954 1822 niei
977 1752 1022 1821 ed
1040 1749 1195 1843 appello·

147 1869 283 1940 tionem
301 1876 449 1939 ventum
470 1868 588 1939 fuerit.
641 1868 696 1938 Ibi
718 1868 813 1938 enim
837 1867 969 1960 poterit
986 1866 1102 1959 objici.
1154 1868 1194 1939 Si

146 2008 229 2057 vero
242 1986 440 2078 excipietur
457 1993 567 2056 testes
584 1984 711 2056 iolcum
727 1984 991 2076 dixissentque
1008 1984 1053 2054 nd
1068 1985 1194 2078 viginti

145 2123 256 2172 ennoe
273 2100 391 2172 locum
407 2100 517 2172 hebet
534 2101 709 2193 exceptio,
721 2123 765 2170 ne
779 2100 865 2170 dum
882 2101 919 2168 in
936 2097 1194 2192 appellatione3

147 2220 241 2310 qnod
261 2227 383 2291 temen
400 2219 512 2311 nocipi
530 2216 702 2297 volumus,
720 2239 802 2288 oum
824 2217 860 2287 in
881 2215 1018 2310 egendo
1037 2238 1106 2285 non
1125 2214 1194 2285 fuit

146 2336 334 2428 proposito.
387 2334 484 2406 Nem
502 2335 532 2404 ei
549 2343 634 2404 tunc
652 2333 794 2427 objecta
811 2341 875 2415 est,
894 2340 931 2401 et
948 2354 1018 2401 non
1037 2331 1193 2424 probato,

147 2450 293 2521 minime
311 2449 443 2521 valebit
460 2452 536 2543 ejus
553 2451 604 2520 vie
624 2452 669 2521 ed
686 2472 796 2522 annos
809 2450 951 2544 uiginti,
969 2450 1030 2518 sed
1052 2456 1194 2519 tuntum
1324 2508 1332 2523 .

148 2564 183 2636 in
199 2565 437 2659 appellatione
454 2568 566 2659 repeti
585 2567 725 2659 poterit.

161 2777 240 2865 (lep.
257 2796 307 2842 ιι.
332 2778 383 2842 De
396 2778 563 2863 acceptione
577 2788 681 2842 contro
695 2786 788 2856 testeo,
804 2786 831 2841 et
844 2774 1039 2861 replicatione
1052 2776 1178 2841 testium.

195 2915 312 2988 Testis
328 2927 452 2989 contre
467 2940 574 3009 quem
592 2918 769 3010 excipitur
787 2917 831 2986 de
848 2916 1006 2998 crimine,
1025 2918 1053 2986 ei
1071 2925 1194 2987 contra

146 3036 384 3129 excipientem
410 3035 455 3106 de
481 3034 605 3105 eodem
633 3035 780 3104 crimine
805 3031 963 3127 replicet,
986 3032 1033 3103 ob
1059 3034 1095 3103 id
1122 3055 1193 3103 non

146 3153 357 3223 admittetur
389 3153 434 3222 ed
470 3152 722 3221 testimonium.
791 3150 887 3234 Quia
919 3172 990 3220 non
1023 3149 1194 3221 relatione

146 3269 302 3339 criminis
327 3290 407 3339 reus
431 3277 613 3361 purgetur,
631 3268 693 3339 sed
711 3269 740 3337 oi
762 3290 801 3339 ee
825 3269 1049 3339 innocentem
1077 3274 1193 3338 oeten·

146 3381 248 3452 derit.

558 3500 565 3539 ¹
581 3498 782 3573 cujuscemodi.
