2692 4800
514 315 563 366 na
588 315 831 367 nnmrnonro.
1151 297 1196 364 41

148 467 204 538 siae
218 465 416 538 tollendam
434 466 662 538 offensionem
680 469 765 539 satis
782 490 857 538 esse
875 466 1025 560 putabit,
1040 467 1068 538 si
1087 465 1200 536 divul-

148 592 270 676 gatum
289 584 423 654 crimen
442 606 564 654 eorum
583 584 701 654 suerit.

234 768 315 855 Gap.
324 791 355 852 4
379 770 620 834 Matrimonium
635 771 703 834 aine
717 792 866 834 consensu
874 782 1039 857 parentam
1056 793 1114 834 noa

619 873 729 938 coloro.

197 989 378 1072 Quoniam
396 1010 501 1059 sacroe
519 987 723 1081 Scripturas,
736 990 871 1080 pietati,
882 990 1103 1088 justitiaque
1117 1013 1201 1059 cou-

158 1106 304 1175 veniens
320 1112 385 1185 est,
405 1114 445 1174 ut
462 1106 688 1175 matrimonia
705 1105 928 1186 damnentur,
946 1114 984 1174 et
1010 1128 1073 1198 pro
1096 1104 1202 1175 nullis

151 1223 358 1304 habeantur,
375 1244 452 1315 quoe
470 1220 526 1292 vel
545 1221 646 1292 liberi
668 1221 725 1291 vel
743 1221 902 1314 orphani,
921 1245 985 1292 nec
1007 1221 1200 1293 scientibus

152 1362 214 1410 nec
244 1338 551 1410 consentientibus
581 1350 643 1410 aut
678 1338 882 1432 parentibus
915 1347 978 1409 aut
1012 1341 1200 1423 tutoribus,

152 1455 378 1537 contrahunt,
405 1457 635 1550 praecipimus,
661 1466 702 1526 nt
731 1480 797 1526 nec
830 1456 929 1526 liberi
960 1479 1025 1527 nec
1054 1457 1200 1549 orphani

153 1595 280 1642 uxores
307 1571 441 1642 ducant
466 1582 529 1642 aut
555 1570 719 1651 nubant¹,
746 1574 810 1642 nisi
838 1573 1033 1643 authoritas
1059 1572 1200 1644 illorum

152 1688 394 1758 intercesserit
412 1689 445 1756 in
465 1711 613 1780 quorum
632 1698 809 1780 potestate
827 1700 928 1770 sunt;
952 1690 1044 1780 quod
1064 1690 1091 1759 si
1110 1690 1202 1760 fece·

152 1805 232 1885 rint,
252 1804 343 1874 tales
360 1806 501 1898 nuptias
519 1804 664 1874 omnino
679 1828 747 1874 non
768 1805 884 1876 valere
902 1805 1086 1889 sancimus,
1101 1817 1138 1875 et
1157 1806 1201 1876 ad

152 1920 305 1991 nibilum
325 1921 492 1992 recidere.
545 1920 648 2005 Quod
676 1923 704 1991 si
730 1932 894 2015 parentes
921 1920 977 1993 vel
1003 1930 1140 1993 tutores
1166 1924 1201 1993 in

151 2038 378 2130 providendis
403 2038 604 2131 nuptiarum
632 2039 894 2109 conditionibus
917 2039 1064 2109 nimium
1090 2061 1203 2110 cessa·

153 2158 280 2237 verint,
293 2166 357 2225 aut
373 2156 410 2225 in
428 2152 498 2224 iilis
515 2156 751 2248 proponendis
769 2157 916 2225 nimium
936 2157 1012 2226 duri
1032 2165 1070 2226 et
1085 2157 1201 2227 acerbi

153 2273 350 2354 extiterint,
376 2272 419 2342 ad
447 2273 690 2365 magistratum
718 2271 993 2343 ecclesiasticum
1022 2273 1203 2366 confugia-

154 2402 222 2471 tur,
240 2409 349 2479 aquo
373 2397 490 2480 partes
510 2411 632 2459 eorum
658 2389 693 2458 in
716 2388 916 2480 hujusmodi
935 2387 1203 2459 difficultatibus

154 2505 207 2598 agi
229 2503 403 2586 volumus,
421 2512 458 2574 et
476 2505 551 2595 ejus
569 2505 735 2596 aeqnitate
754 2514 865 2574 totam
886 2528 1025 2576 cauum
1046 2505 1201 2598 transigi.

216 2687 294 2772 Cap.
310 2707 341 2772 5.
364 2689 470 2765 AEtna,
484 2699 608 2772 tennitas,
623 2701 650 2753 et
665 2690 747 2755 botes
761 2692 965 2756 ‚anemonas
981 2714 1050 2778 qnoe
1063 2694 1132 2758 sint.

202 2803 384 2896 Sequitur,
395 2814 436 2874 ut
449 2815 580 2874 certam
594 2813 734 2875 aetatem
750 2828 921 2898 ponamus
935 2808 970 2875 in
986 2830 1056 2898 qna
1069 2808 1201 2900 nuptiae

154 2919 315 2991 corrcludi
333 2921 478 3013 possint,
496 2932 534 2991 et
553 2931 713 3014 tempora
730 2923 954 3016 designemus
980 2924 1022 2993 ad
1049 2948 1125 3016 quae
1150 2947 1202 2994 re·

155 3038 268 3108 vocari
288 3037 452 3107 debeant.
495 3037 611 3132 Igitur
628 3039 771 3109 foemina
788 3062 869 3109 cum
889 3040 932 3109 ad
951 3039 1201 3144 duodecimum

154 3177 284 3225 annum
303 3151 408 3246 plene
425 3156 634 3246 pervenerit,
654 3156 766 3224 virum
787 3178 964 3246 sponsum,
983 3152 1134 3226 virtum
1156 3158 1201 3227 ad

153 3293 284 3342 annum
300 3271 476 3341 decimum
495 3281 658 3364 quartum
675 3272 882 3351 ascenderit,
901 3274 1078 3343 tieminaur
1098 3295 1203 3365 spon-

153 3412 238 3471 sam,
256 3389 416 3480 accipere
434 3397 563 3480 potest.
614 3386 692 3456 Nec
711 3410 821 3457 annos
839 3385 911 3457 bis3
928 3388 1110 3460 inferiores
1128 3389 1202 3460 ullo

153 3506 258 3577 modo
282 3505 484 3597 nuptiarum
511 3505 699 3596 participes
723 3527 800 3574 esse
823 3506 980 3575 sinimus.
1028 3506 1202 3599 Tempora

153 3647 233 3695 raro
249 3621 348 3692 nulla
366 3618 454 3692 sint⁴
468 3631 619 3714 excepta
632 3621 674 3690 ad
690 3621 916 3692 celebrandas
929 3625 1080 3715 nuptias,
1095 3624 1202 3693 modo

151 3741 221 3809 sint
235 3739 450 3830 hujusmodi,
466 3736 700 3809 ceremonias⁵
716 3750 756 3806 ut
769 3737 978 3809 admittant⁶
992 3741 1027 3809 in
1042 3740 1107 3811 bac
1121 3739 1202 3835 lege

152 3869 271 3927 nostra
284 3853 577 3948 compreirensas7.
607 3855 649 3925 in
665 3855 742 3925 loco
755 3855 809 3925 vel
827 3858 883 3945 (ut
898 3857 1038 3945 vocant)
1051 3860 1201 3951 paroecia

152 3995 292 4064 semper
308 3972 375 4040 boc
394 3973 524 4042 servari
543 3972 671 4065 placet,
691 3980 729 4039 nt
755 3972 784 4039 is
808 3982 968 4042 sumatur
992 3973 1034 4042 ad
1060 3975 1201 4064 nuptias

150 4090 184 4159 in
205 4112 276 4180 quo
296 4089 351 4159 vel
370 4111 496 4180 sponsa
515 4088 571 4158 vel
589 4111 736 4181 sponsus
755 4087 940 4159 inhabitat.
995 4089 1041 4157 Et
1068 4090 1095 4157 si
1121 4091 1200 4181 quis

125 4312 129 4321 ¹
192 4249 337 4307 ¹inibant.
475 4251 696 4309 ¹ltnntrimoniir.
834 4249 915 4306 ³bic.
1055 4243 1157 4306 ⁴sunt.

235 4334 248 4374 ⁶
262 4331 437 4390 ceremoniae.
560 4333 751 4390 ‘admittunt
876 4338 887 4377 ἲ
902 4331 1119 4405 comprehensa.
