2692 4800
424 330 472 381 nn
496 329 777 382 nmarvrrroun
820 330 851 381 c.
870 333 899 382 1.
1111 310 1184 384 165

141 486 246 558 ritate
276 508 387 558 novas
416 488 452 557 in
478 488 575 560 aedes
603 497 667 559 aut
691 488 789 559 aliud
813 490 849 558 in
880 488 1050 580 oppidum
1076 495 1188 559 trans·

142 603 285 687 moveri,
302 603 416 675 doneo
433 604 478 675 de
495 613 573 676 toto
590 605 734 700 negotio
751 603 957 675 conclusum
974 604 1031 674 sit.

154 774 156 778 ι
212 816 292 904 Gap.
303 837 336 900 4.
359 818 461 882 Poeno
475 815 713 904 delinquentium
728 825 831 881 oontro
845 816 1116 902 sequestrationem.
1200 824 1240 894 79

190 954 230 1026 Si
260 955 448 1049 quisquam
477 954 757 1047 sequestratione
787 954 855 1024 rite
884 953 980 1025 facta
1008 976 1046 1024 se
1079 955 1190 1025 inter·

143 1080 259 1163 ponat,
281 1080 345 1142 aut
371 1078 496 1142 eontra
522 1069 642 1164 legum
672 1069 709 1139 in
738 1068 805 1140 hae
834 1092 873 1140 re
897 1069 1190 1141 constitutionem

144 1209 353 1280 quoeunque
382 1187 489 1258 modo
523 1185 773 1269 tumultuetur,
803 1185 1049 1257 ecclesiasticis
1079 1185 1191 1278 poenis

143 1302 217 1394 ejus
232 1303 541 1396 importunitatem
561 1303 752 1396 constringi
769 1309 920 1394 oportet.

156 1512 234 1600 Gap.
240 1535 275 1600 5.
298 1515 350 1580 Do
362 1515 764 1602 nouandiooesrnotnnm
772 1521 845 1601 port
857 1515 1176 1601 mortempomn‘r.

191 1650 344 1737 Quoties
367 1677 519 1725 vacuum
543 1653 651 1724 fuerit
668 1652 879 1724 beneficium
903 1652 1191 1735 ecelesiasticam,

137 1768 251 1861 judex
287 1767 467 1864 legitimus
501 1768 632 1840 efficiet
665 1776 707 1839 ut
737 1791 860 1840 omnes
893 1770 994 1840 vanui
1029 1768 1190 1840 beneficii

143 1884 279 1956 fruotus
303 1885 534 1968 deducantur,
561 1894 598 1955 et
624 1886 667 1956 ad
694 1895 834 1980 tempus
866 1887 1007 1956 intuto
1034 1885 1113 1956 loeo
1138 1906 1192 1957 so-

142 2009 338 2094 ponantur:
374 2024 461 2095 quos
491 2002 671 2072 universos
697 2001 802 2095 plene
832 2014 870 2073 et
899 2005 1036 2098 integre
1066 2002 1192 2074 reddet

144 2117 183 2201 is,
213 2117 251 2188 in
290 2118 391 2212 cnjus
425 2118 586 2189 custodia
627 2121 917 2211 conquieverunt,
942 2128 981 2191 et
1019 2126 1191 2212 quantum

142 2233 211 2306 iliis
235 2235 360 2317 aberit,
381 2242 522 2306 tantum
548 2233 761 2329 etamplius
787 2235 895 2306 etiam
921 2235 1059 2306 duabus
1084 2233 1192 2327 porti·
1271 2331 1279 2344 .

144 2351 210 2422 bus
226 2352 413 2423 restituet:
438 2374 515 2445 quae
533 2350 638 2422 simul
661 2352 779 2422 omnia
796 2374 928 2422 novum
945 2352 991 2422 ad
1008 2351 1191 2422 dominum

144 2467 275 2546 rtatim,
298 2465 396 2537 nulla
420 2468 486 2538 nisi
512 2469 707 2538 necessaria
732 2466 939 2561 interposita
963 2487 1071 2548 mora,
1095 2487 1192 2535 eom·

144 2583 389 2677 portabuntur.
441 2583 526 2654 Illas
550 2594 670 2654 tamen
691 2584 866 2676 impensas
882 2584 998 2676 judex
1024 2584 1190 2665 aestimet,

144 2699 271 2793 quibus
294 2698 454 2793 legitima
475 2701 633 2793 praesidia
657 2702 895 2795 cujuscunque
915 2701 1053 2795 generis
1078 2697 1191 2771 eoele-

144 2819 200 2888 siae
225 2816 492 2887 subministrata
516 2825 610 2902 sunt,
634 2817 707 2887 sive
727 2817 787 2909 jus
812 2815 873 2886 illa
898 2816 1093 2899 constituit,
1118 2816 1191 2886 sive

144 2932 303 3028 legitima
319 2934 538 3005 consuetudo
556 2933 699 3026 recepit.

558 3308 797 3319 -———-—

419 3597 486 3668 DE
515 3593 917 3668 DEPRIVATIONE.

271 3829 349 3915 Cap.
364 3849 391 3893 1.
414 3827 737 3914 Deprinatioflnqitiis
752 3826 905 3890 atrocibus
918 3826 1060 3891 convenit.

192 3984 356 4078 Dejectio
391 3983 436 4052 de
466 3982 651 4076 dignitate,
682 3980 750 4061 vel,
777 3989 819 4050 ut
850 3980 955 4074 vulgo
985 3979 1190 4072 loquuntur,

143 4100 349 4193 depriratio,
364 4098 529 4190 quoniam
556 4096 770 4190 singularem
796 4096 972 4188 quandam
999 4096 1093 4165 inter
1117 4118 1191 4187 poe-

142 4239 203 4288 nas
245 4214 491 4287 ecelesiasticis
533 4212 670 4306 legibus
710 4212 919 4282 constitutas
958 4209 1189 4281 acerbitatem

143 4330 259 4415 habet,
286 4331 450 4401 maximis
480 4338 518 4400 et
549 4329 739 4400 teterrimis
770 4327 864 4398 vitiis
890 4336 944 4398 est
970 4325 1188 4397 reservanda.
