2692 4800
527 312 782 367 1111101111.
1150 301 1199 374 57

148 471 244 543 erint
261 477 436 563 qnantum
453 478 633 564 possunt¹‚
651 479 690 542 et
705 470 917 563 poenitentia
941 469 1074 542 scelere
1091 472 1199 566 digna

147 584 328 677 perstructi
344 583 489 654 fuerint.
516 582 567 654 Et
583 584 646 655 hos
661 586 699 655 in
716 585 784 656 hoc
800 608 930 680 genere
947 609 1067 678 poenas
1084 588 1198 658 omni·

146 700 213 771 bus
231 699 308 770 sire
325 697 424 770 laicis
440 700 514 770 sive
529 699 667 772 clericis
683 723 890 774 communes
907 725 984 774 esse
1000 703 1173 776 volumus.

235 966 319 1052 Cap.
335 967 382 1030 16.
402 965 519 1031 Mariti
529 986 623 1051 poena
636 964 790 1030 madentis
804 964 895 1029 111011
910 962 1109 1028 Manatum.

197 1088 237 1160 Si
266 1090 415 1160 maritus
441 1090 544 1159 uxori
570 1112 692 1161 suasor
718 1096 781 1159 aut
809 1088 938 1159 author
962 1087 1036 1159 ulla
1060 1088 1198 1160 ratione

145 1205 255 1276 fuerit
276 1204 441 1276 adulterii
458 1205 716 1286 committendi,
734 1204 959 1276 damnabitur
975 1202 1037 1275 illa
1053 1204 1196 1297 quidem

145 1319 325 1403 adulterii,
344 1320 405 1391 sed
428 1328 465 1390 et
491 1320 638 1391 maritus
664 1318 828 1390 lenocinii
845 1342 926 1389 reus
952 1320 1198 1412 pronunciabi·

145 1449 215 1517 111,
243 1447 283 1507 et
307 1437 523 1508 matrimonii
550 1436 800 1528 conjunctione
825 1444 954 1506 neuter
979 1434 1196 1507 liberabitur.

145 1553 254 1638 Quod
272 1563 312 1624 et
328 1553 374 1625 de
389 1576 501 1624 uxore
518 1552 682 1624 similiter
698 1550 850 1647 intelligi
868 1551 1041 1625 volumus.

173 1775 253 1860 (lap.
275 1791 323 1859 17.
348 1771 732 1860 Qooeponueitcumpcr
746 1769 986 1836 adulteriorum
1002 1771 1036 1835 111
1051 1780 1176 1859 utroque

600 1874 732 1961 conjuge.

196 1993 238 2065 si
255 2014 406 2087 persona
422 2014 503 2084 quae
520 1991 627 2062 fuerit
644 1988 808 2061 adulterii
822 1991 995 2074 convicta,
1007 1992 1139 2061 crimen
1157 1992 1196 2062 in

145 2109 261 2181 altero
279 2108 430 2202 conjuge
455 2107 566 2199 possit
591 2106 686 2176 idem
711 2106 907 2190 ostendere,
926 2114 964 2176 et
990 2106 1194 2189 ostenderit,

147 2227 351 2319 priusquam
369 2223 525 2316 conjunx
541 2224 585 2294 ad
604 2245 712 2293 novos
733 2223 874 2314 nuptias
896 2222 1089 2303 diverterit,
1106 2221 1196 2293 11111-

147 2365 260 2435 usque
283 2341 442 2434 conjugis
464 2339 570 2432 culpa
592 2361 655 2431 par
675 2339 829 2430 inpares
851 2337 985 2408 incidet
1007 2360 1138 2430 poenas,
1155 2346 1193 2408 et

147 2461 244 2552 prius
260 2460 354 2528 inter
370 2454 449 2527 illos
466 2456 606 2526 firmum
624 2455 784 2527 mauebit
800 2455 1077 2525 matrimonium.

243 2629 321 2715 (lap.
340 2628 390 2692 18.
416 2628 644 2712 Receptotorum
657 2625 855 2711 etsoatorum
869 2623 1017 2689 adulterii
1030 2647 1097 2710 que
1202 2624 1244 2688 28

592 2750 686 2814 penu
699 2728 750 2792 sit.

197 2851 260 2924 Ne
290 2849 343 2921 1111
374 2849 517 2942 quidem
545 2845 731 2941 judicum²
762 2845 1078 2918 ecclesiasticorum
1114 2847 1192 2918 dili-

145 2970 305 3066 gentiam
330 2965 575 3060 subterfugere
602 2965 733 3036 debent
758 2965 820 3057 qui
844 2971 1083 3056 receptatores
1108 2973 1192 3035 sunt

146 3084 390 3157 adulterorum
402 3079 427 3165 ³,
456 3090 519 3153 aut
549 3079 689 3152 illorum
721 3080 855 3175 flagitia
888 3101 966 3172 ope,
991 3101 1108 3172 opera,
1134 3080 1191 3152 vel

147 3201 515 3294 consilioquacunque
528 3198 665 3269 ratione
683 3205 881 3291 procurant.
909 3195 990 3280 Quo
1008 3197 1044 3264 in
1061 3218 1191 3290 genere

146 3327 240 3400 sunt,
263 3315 419 3410 exempli
448 3337 562 3397 causa,
581 3315 641 3407 qui
670 3315 815 3385 domum
841 3312 1011 3384 adulteris
1040 3313 1192 3385 scientes

146 3433 353 3531 expediunt,
371 3431 426 3502 vel
445 3430 563 3502 locum
582 3430 875 3523 qualemcunque,
893 3430 954 3522 qui
977 3451 1191 3513 sermonum,

146 3551 328 3622 literarum
355 3557 420 3620 aut
449 3544 662 3619 munerum⁴
688 3547 928 3638 cujuscunque
947 3547 1094 3640 ¹generis
1121 3547 1192 3617 sint

146 3667 369 3739 internuncii.
421 3665 646 3756 Quapropter
669 3686 809 3733 omnem
837 3661 1047 3732 hominum⁵
1071 3664 1194 3757 hujus·

146 3782 243 3853 110111
266 3781 387 3853 faecem
406 3805 483 3874 quae
508 3803 648 3851 eoenunr
675 3778 837 3851 adulterii
856 3800 1067 3872 quacunque
1092 3789 1193 3872 parte

145 3909 358 3980 commovet,
376 3896 623 3968 ecclesiasticis
651 3896 766 3988 poenis
793 3903 830 3965 et
864 3893 1055 3966 arbitrariis
1083 3898 1192 3967 etiam

138 4014 272 4105 judicis
288 4011 599 4105 constringendum
619 4030 694 4079 esse
712 4008 942 4078 decernimus.

230 4203 238 4236 ¹
254 4208 372 4284 possint.
540 4201 708 4284 ²judicium.
872 4198 885 4232 ³
899 4206 1109 4265 adulteriorum.

351 4298 365 4336 ⁴
377 4323 534 4363 numerum.
753 4296 765 4335 ³
779 4303 925 4361 hominum
939 4323 989 4361 om.
