2692 4800
542 328 798 382 nrnrvonrns.
1146 314 1194 380 ta

148 481 249 552 nium
267 482 481 579 indulgebit,
497 484 623 577 inquo
639 507 788 577 persona
805 486 915 579 possit
937 485 1063 557 absens
1086 506 1124 556 se
1140 507 1196 556 re-

148 609 372 691 praesentare.
415 599 497 685 Quo
514 610 675 694 tempore
692 610 915 695 consumpto,
933 603 961 672 si
979 623 1017 672 se
1034 602 1109 694 ipse
1124 623 1196 671 non

147 715 250 786 sistat
268 727 307 786 et
316 717 434 810 justas
449 717 572 788 afferat
588 700 756 788 absentia
771 725 846 789 tanr
864 719 1041 789 diutumae
1063 737 1196 801 musas,

148 832 323 904 destituta
348 855 497 926 persona
520 834 724 926 nuptiarum
750 832 899 906 vinculis
925 834 1141 917 liberabitur,
1158 840 1197 903 et

146 969 282 1018 novum
300 949 367 1020 sibi
384 950 572 1044 conjugem
591 950 633 1038 (si
652 948 753 1039 velit)
771 956 957 1021 assumet¹.
1010 947 1196 1020 Desertrix

146 1072 269 1135 autem
289 1087 448 1159 persona,
465 1067 504 1148 si,
516 1064 652 1159 judicio
670 1068 747 1158 jam
765 1074 909 1159 peraeto
926 1068 1097 1159 novisque
1113 1089 1196 1136 oon·

145 1180 280 1249 seontie
317 1179 460 1272 nuptiis,
487 1203 565 1252 sero
588 1190 669 1274 post
694 1181 826 1252 biennii
843 1160 912 1251 ‘vel
940 1182 1083 1253 triennii
1119 1203 1197 1273 spa·

147 1296 239 1365 tium
270 1294 454 1389 expletum
489 1297 544 1367 sui
572 1305 786 1390 potestatem
818 1297 951 1382 feeerit,
983 1299 1021 1368 in
1050 1305 1198 1369 aeternas

148 1414 299 1484 osroeris
315 1414 478 1484 tenebras
501 1413 719 1496 detrudatur,
737 1422 775 1485 et
799 1414 993 1485 seeundum
1016 1414 1198 1484 matrimo-

148 1529 248 1599 nium
265 1527 469 1622 plenissimo
479 1529 562 1622 jure
579 1528 705 1601 valeat.

244 1793 323 1879 Gap·
340 1814 371 1877 9.
394 1793 571 1858 Diuortiom
579 1799 710 1878 propter
723 1791 818 1856 nimie
833 1791 956 1879 longam
971 1792 1109 1878 oonjbpsb
1209 1773 1249 1839 26

581 1895 763 1960 ademtam.

200 2019 353 2103 Quando
379 2041 449 2088 non
472 2019 650 2113 aufugerit
673 2021 838 2109 conjunx,
862 2018 922 2088 sed
947 2017 1111 2090 militiam
1135 2030 1198 2091 aut

149 2143 386 2206 mercaturam
403 2145 465 2207 ant
482 2135 636 2229 aliquam
653 2134 762 2205 babet
779 2135 984 2227 hujusmodi
1002 2134 1199 2229 legitimam

149 2258 188 2320 et
205 2251 390 2323 honestam
408 2251 697 2347 peregrinationis
722 2274 794 2322 suae
811 2274 963 2336 oausam,
982 2262 1020 2323 et
1045 2252 1199 2324 abfuerit

150 2366 212 2436 din
221 2367 339 2450 domo,
345 2391 411 2438 neo
423 2367 518 2439 illius
532 2367 588 2438 vel
599 2368 644 2438 de
656 2368 731 2438 vita
740 2365 797 2436 vel
812 2367 856 2436 de
868 2365 998 2438 morte²
1009 2369 1198 2461 quicquam

149 2492 250 2553 eerto
267 2485 408 2566 solatur,
420 2483 612 2578 largientur
627 2482 729 2554 alteri
747 2483 891 2577 conjugi
902 2484 1042 2576 judices
1060 2485 1102 2576 (si
1122 2484 1199 2577 qui·

151 2598 233 2670 dem
245 2599 314 2671 boo
330 2599 375 2670 ab
389 2600 457 2672 illis
474 2602 642 2693 requirat)
653 2600 785 2670 biennii
799 2598 855 2670 vel
870 2600 1011 2670 triennii
1030 2601 1196 2694 spatium,

150 2712 187 2784 in
201 2737 273 2807 quo
290 2716 407 2786 mariti
424 2715 579 2786 reditum
593 2723 770 2808 expectet.
797 2716 879 2798 Quo
897 2723 1056 2808 tempora
1074 2723 1151 2786 toto
1169 2716 1198 2786 si

151 2854 223 2902 non
240 2840 449 2914 revertatur,
466 2856 532 2903 nee
556 2832 600 2902 de
617 2833 692 2902 vita
716 2830 826 2924 possit
850 2829 945 2901 illius
970 2830 1104 2924 aliquid
1122 2853 1199 2902 esse

151 2947 337 3041 explorati,
365 2971 447 3021 oum
476 2949 743 3043 diligentissime
774 2948 819 3017 de
847 2969 890 3017 ea
917 2947 1024 3017 fuerit
1055 2948 1198 3018 interim

151 3064 397 3157 perquisitum,
426 3065 528 3136 alteri
560 3065 701 3158 conjugi
735 3086 844 3134 novas
877 3064 1023 3134 concedi
1058 3065 1198 3156 nuptias

150 3204 292 3273 aeqnum
309 3190 386 3265 est;
403 3204 484 3252 oum
504 3180 570 3252 hao
587 3189 707 3251 tamen
725 3180 937 3263 conditione,
956 3181 1050 3273 prior
1066 3189 1107 3251 ut
1123 3203 1198 3251 ma-

150 3298 239 3368 ritus
261 3297 452 3368 sitandam
475 3320 513 3369 se
530 3306 766 3390 representet,
784 3320 876 3367 uxor
892 3296 993 3367 illum
1011 3319 1129 3368 rursus
1150 3298 1197 3368 ad

149 3436 187 3485 se
217 3414 374 3506 recipiat,
404 3415 432 3484 si
460 3415 605 3505 quidem
635 3413 820 3484 ostendere
854 3413 964 3504 possit
997 3411 1102 3505 onlpa
1134 3435 1199 3484 sna

149 3531 285 3601 fastum
302 3551 373 3600 non
394 3552 481 3614 esse,
496 3529 590 3622 quod
602 3529 693 3599 foras
709 3537 784 3598 tam
803 3527 863 3598 diu
880 3529 1123 3621 peregrinatus
1139 3529 1197 3601 sit.

148 3644 301 3717 'l'antam
318 3645 413 3716 eninr
431 3653 468 3715 et
495 3653 569 3716 tam
595 3643 690 3736 longi
715 3641 883 3734 temporis
908 3639 1104 3714 absentiam
1129 3644 1197 3713 nisi

148 3759 275 3857 plene³
291 3783 489 3855 magnaque
507 3782 589 3832 oum
606 3760 742 3830 ratione
759 3757 870 3850 possit
887 3780 1067 3840 excusare,
1080 3768 1198 3830 ousto-

148 3881 243 3950 diam
272 3879 308 3948 in
336 3886 544 3970 perpetuam
573 3874 720 3946 oaroeris
748 3873 959 3956 dimittatur,
984 3873 1123 3945 nullum
1151 3877 1196 3946 ad

147 4014 296 4063 uxorem
322 3992 475 4062 reditum
502 3988 640 4069 habeat,
664 3996 702 4059 et
726 3989 789 4060 illa
814 3990 975 4060 secundis
1001 3991 1037 4059 in
1064 3992 1197 4084 nuptiis

146 4111 214 4181 rite
231 4116 447 4202 permaneat.

229 4310 236 4349 ¹
253 4317 357 4370 sumat.
565 4311 577 4350 ²
591 4305 626 4362 de
641 4313 731 4362 morte
746 4323 796 4361 om.
991 4298 1002 4332 ³
1017 4304 1110 4378 plena.
