<?xml version="1.0" encoding="UTF-8"?>
<!DOCTYPE html PUBLIC "-//W3C//DTD XHTML 1.0 Transitional//EN"
    "http://www.w3.org/TR/xhtml1/DTD/xhtml1-transitional.dtd">
<html xmlns="http://www.w3.org/1999/xhtml" xml:lang="en" lang="en">
 <head>
  <title>
</title>
<meta http-equiv="Content-Type" content="text/html;charset=utf-8" />
  <meta name='ocr-system' content='tesseract 3.04.00' />
  <meta name='ocr-capabilities' content='ocr_page ocr_carea ocr_par ocr_line ocrx_word'/>
</head>
<body>
  <div class='ocr_page' id='page_1' title='image "./reformationeccl01cardgoog_0276.png"; bbox 0 0 2692 4800; ppageno 0'>
   <div class='ocr_carea' id='block_1_1' title="bbox 496 289 1197 362">
    <p class='ocr_par' dir='ltr' id='par_1_1' title="bbox 496 289 1197 362">
     <span class='ocr_line' id='line_1_1' title="bbox 496 289 1197 362; baseline -0.001 -9"><span class='ocrx_word' id='word_1_1' title='bbox 496 303 648 355; x_wconf 80' lang='lat' dir='ltr'><strong>ouuruu</strong></span> <span class='ocrx_word' id='word_1_2' title='bbox 673 303 847 355; x_wconf 80' lang='lat' dir='ltr'><strong>Juorcuu.</strong></span> <span class='ocrx_word' id='word_1_3' title='bbox 1124 289 1197 362; x_wconf 74' lang='lat'><strong>209</strong></span> 
     </span>
    </p>
   </div>
   <div class='ocr_carea' id='block_1_2' title="bbox 150 458 1198 900">
    <p class='ocr_par' dir='ltr' id='par_1_2' title="bbox 150 458 1198 900">
     <span class='ocr_line' id='line_1_2' title="bbox 150 458 1198 552; baseline -0.003 -21"><span class='ocrx_word' id='word_1_4' title='bbox 150 458 365 552; x_wconf 77' lang='lat' dir='ltr'>compellere</span> <span class='ocrx_word' id='word_1_5' title='bbox 390 459 434 530; x_wconf 80' lang='lat' dir='ltr'><strong>ud</strong></span> <span class='ocrx_word' id='word_1_6' title='bbox 455 460 516 552; x_wconf 89' lang='lat' dir='ltr'><strong>jus</strong></span> <span class='ocrx_word' id='word_1_7' title='bbox 533 459 734 543; x_wconf 85' lang='lat' dir='ltr'><strong>dicendum,</strong></span> <span class='ocrx_word' id='word_1_8' title='bbox 752 458 874 551; x_wconf 87' lang='lat' dir='ltr'><strong>illique</strong></span> <span class='ocrx_word' id='word_1_9' title='bbox 896 460 1085 529; x_wconf 88' lang='lat' dir='ltr'><strong>terminum</strong></span> <span class='ocrx_word' id='word_1_10' title='bbox 1113 482 1198 551; x_wconf 85' lang='lat' dir='ltr'><strong>prae-</strong></span> 
     </span>
     <span class='ocr_line' id='line_1_3' title="bbox 150 572 1197 669; baseline -0.004 -22"><span class='ocrx_word' id='word_1_11' title='bbox 150 575 289 659; x_wconf 84' lang='lat' dir='ltr'><strong>soribet,</strong></span> <span class='ocrx_word' id='word_1_12' title='bbox 313 597 419 667; x_wconf 89' lang='lat' dir='ltr'><strong>qoem</strong></span> <span class='ocrx_word' id='word_1_13' title='bbox 445 575 473 646; x_wconf 87' lang='lat' dir='ltr'><strong>si</strong></span> <span class='ocrx_word' id='word_1_14' title='bbox 500 599 568 646; x_wconf 92' lang='lat' dir='ltr'><strong>non</strong></span> <span class='ocrx_word' id='word_1_15' title='bbox 596 572 851 646; x_wconf 81' lang='lat' dir='ltr'><strong>observaverit¹</strong></span> <span class='ocrx_word' id='word_1_16' title='bbox 879 575 1010 668; x_wconf 81' lang='lat' dir='ltr'>absque</span> <span class='ocrx_word' id='word_1_17' title='bbox 1036 575 1197 669; x_wconf 85' lang='lat' dir='ltr'><strong>legitimo</strong></span> 
     </span>
     <span class='ocr_line' id='line_1_4' title="bbox 150 691 1196 784; baseline 0 -24"><span class='ocrx_word' id='word_1_18' title='bbox 150 691 415 784; x_wconf 87' lang='lat' dir='ltr'><strong>impedimento,</strong></span> <span class='ocrx_word' id='word_1_19' title='bbox 428 714 500 761; x_wconf 91' lang='lat' dir='ltr'><strong>non</strong></span> <span class='ocrx_word' id='word_1_20' title='bbox 513 693 618 762; x_wconf 89' lang='lat' dir='ltr'><strong>modo</strong></span> <span class='ocrx_word' id='word_1_21' title='bbox 636 695 791 763; x_wconf 83' lang='lat' dir='ltr'><strong>censuris</strong></span> <span class='ocrx_word' id='word_1_22' title='bbox 804 691 1049 764; x_wconf 78' lang='lat' dir='ltr'><strong>ecelesiasticis</strong></span> <span class='ocrx_word' id='word_1_23' title='bbox 1062 692 1196 783; x_wconf 90' lang='lat' dir='ltr'><strong>puniet,</strong></span> 
     </span>
     <span class='ocr_line' id='line_1_5' title="bbox 153 807 1115 900; baseline 0.004 -26"><span class='ocrx_word' id='word_1_24' title='bbox 153 829 272 877; x_wconf 86' lang='lat' dir='ltr'><strong>verum</strong></span> <span class='ocrx_word' id='word_1_25' title='bbox 291 816 330 878; x_wconf 87' lang='lat' dir='ltr'><strong>et</strong></span> <span class='ocrx_word' id='word_1_26' title='bbox 346 808 384 877; x_wconf 90' lang='lat' dir='ltr'><strong>iu</strong></span> <span class='ocrx_word' id='word_1_27' title='bbox 400 807 669 879; x_wconf 72' lang='lat' dir='ltr'><strong>estimationem</strong></span> <span class='ocrx_word' id='word_1_28' title='bbox 682 809 815 900; x_wconf 82' lang='lat' dir='ltr'><strong>justum</strong></span> <span class='ocrx_word' id='word_1_29' title='bbox 836 809 907 878; x_wconf 87' lang='lat' dir='ltr'><strong>litis</strong></span> <span class='ocrx_word' id='word_1_30' title='bbox 924 808 1115 879; x_wconf 83' lang='lat' dir='ltr'><strong>damnabit.</strong></span> 
     </span>
    </p>
   </div>
   <div class='ocr_carea' id='block_1_3' title="bbox 452 1019 891 1106">
    <p class='ocr_par' dir='ltr' id='par_1_3' title="bbox 452 1019 891 1106">
     <span class='ocr_line' id='line_1_6' title="bbox 452 1019 891 1106; baseline -0.002 -23"><span class='ocrx_word' id='word_1_31' title='bbox 452 1020 503 1083; x_wconf 82' lang='lat' dir='ltr'><strong>De</strong></span> <span class='ocrx_word' id='word_1_32' title='bbox 516 1019 698 1106; x_wconf 61' lang='lat' dir='ltr'><strong>moyerem</strong></span> <span class='ocrx_word' id='word_1_33' title='bbox 712 1019 757 1082; x_wconf 86' lang='lat' dir='ltr'><strong>ad</strong></span> <span class='ocrx_word' id='word_1_34' title='bbox 769 1029 891 1104; x_wconf 81' lang='lat' dir='ltr'><strong>tempus.</strong></span> 
     </span>
    </p>
   </div>
   <div class='ocr_carea' id='block_1_4' title="bbox 149 1155 1197 2063">
    <p class='ocr_par' dir='ltr' id='par_1_4' title="bbox 149 1155 1197 2063">
     <span class='ocr_line' id='line_1_7' title="bbox 199 1155 1196 1252; baseline 0.003 -26"><span class='ocrx_word' id='word_1_35' title='bbox 199 1155 377 1228; x_wconf 74' lang='lat' dir='ltr'><strong>{nstantia</strong></span> <span class='ocrx_word' id='word_1_36' title='bbox 393 1157 521 1250; x_wconf 79' lang='lat' dir='ltr'><strong>elapso,</strong></span> <span class='ocrx_word' id='word_1_37' title='bbox 528 1159 643 1250; x_wconf 89' lang='lat' dir='ltr'><strong>judex</strong></span> <span class='ocrx_word' id='word_1_38' title='bbox 662 1160 697 1229; x_wconf 93' lang='lat' dir='ltr'><strong>in</strong></span> <span class='ocrx_word' id='word_1_39' title='bbox 716 1181 821 1230; x_wconf 84' lang='lat' dir='ltr'><strong>cause</strong></span> <span class='ocrx_word' id='word_1_40' title='bbox 837 1158 924 1228; x_wconf 87' lang='lat' dir='ltr'>nihil</span> <span class='ocrx_word' id='word_1_41' title='bbox 943 1160 1091 1229; x_wconf 84' lang='lat' dir='ltr'><strong>ulterius</strong></span> <span class='ocrx_word' id='word_1_42' title='bbox 1103 1168 1196 1252; x_wconf 82' lang='lat' dir='ltr'><strong>aget.</strong></span> 
     </span>
     <span class='ocr_line' id='line_1_8' title="bbox 149 1271 1196 1364; baseline 0.001 -23"><span class='ocrx_word' id='word_1_43' title='bbox 149 1272 238 1356; x_wconf 77' lang='lat' dir='ltr'><strong>Quae</strong></span> <span class='ocrx_word' id='word_1_44' title='bbox 255 1271 351 1364; x_wconf 87' lang='lat' dir='ltr'><strong>prius</strong></span> <span class='ocrx_word' id='word_1_45' title='bbox 368 1281 489 1342; x_wconf 82' lang='lat' dir='ltr'><strong>tomen</strong></span> <span class='ocrx_word' id='word_1_46' title='bbox 505 1281 585 1343; x_wconf 83' lang='lat' dir='ltr'><strong>octo</strong></span> <span class='ocrx_word' id='word_1_47' title='bbox 605 1271 754 1345; x_wconf 84' lang='lat' dir='ltr'><strong>fuerint²</strong></span> <span class='ocrx_word' id='word_1_48' title='bbox 777 1295 846 1343; x_wconf 91' lang='lat' dir='ltr'><strong>non</strong></span> <span class='ocrx_word' id='word_1_49' title='bbox 872 1272 1047 1364; x_wconf 89' lang='lat' dir='ltr'><strong>peribunt,</strong></span> <span class='ocrx_word' id='word_1_50' title='bbox 1065 1274 1127 1342; x_wconf 90' lang='lat' dir='ltr'><strong>sed</strong></span> <span class='ocrx_word' id='word_1_51' title='bbox 1152 1273 1196 1342; x_wconf 84' lang='lat' dir='ltr'><strong>ed</strong></span> 
     </span>
     <span class='ocr_line' id='line_1_9' title="bbox 150 1388 1196 1481; baseline -0.003 -22"><span class='ocrx_word' id='word_1_52' title='bbox 150 1389 252 1461; x_wconf 87' lang='lat' dir='ltr'><strong>litem</strong></span> <span class='ocrx_word' id='word_1_53' title='bbox 270 1389 550 1481; x_wconf 81' lang='lat' dir='ltr'><strong>prosequendam</strong></span> <span class='ocrx_word' id='word_1_54' title='bbox 572 1389 638 1459; x_wconf 93' lang='lat' dir='ltr'><strong>sub</strong></span> <span class='ocrx_word' id='word_1_55' title='bbox 659 1388 771 1459; x_wconf 85' lang='lat' dir='ltr'><strong>altero</strong></span> <span class='ocrx_word' id='word_1_56' title='bbox 787 1388 910 1480; x_wconf 84' lang='lat' dir='ltr'><strong>judice</strong></span> <span class='ocrx_word' id='word_1_57' title='bbox 927 1388 1140 1468; x_wconf 77' lang='lat' dir='ltr'><strong>inservient:</strong></span> <span class='ocrx_word' id='word_1_58' title='bbox 1168 1390 1196 1457; x_wconf 88' lang='lat' dir='ltr'><strong>si</strong></span> 
     </span>
     <span class='ocr_line' id='line_1_10' title="bbox 149 1503 1197 1599; baseline -0.004 -22"><span class='ocrx_word' id='word_1_59' title='bbox 149 1528 220 1599; x_wconf 76' lang='lat' dir='ltr'><strong>quo</strong></span> <span class='ocrx_word' id='word_1_60' title='bbox 236 1513 357 1575; x_wconf 79' lang='lat' dir='ltr'><strong>tomen</strong></span> <span class='ocrx_word' id='word_1_61' title='bbox 376 1514 455 1597; x_wconf 89' lang='lat' dir='ltr'><strong>post</strong></span> <span class='ocrx_word' id='word_1_62' title='bbox 471 1503 652 1598; x_wconf 85' lang='lat' dir='ltr'><strong>elepsom³</strong></span> <span class='ocrx_word' id='word_1_63' title='bbox 669 1505 873 1574; x_wconf 80' lang='lat' dir='ltr'><strong>instantiam</strong></span> <span class='ocrx_word' id='word_1_64' title='bbox 892 1504 989 1586; x_wconf 84' lang='lat' dir='ltr'><strong>fiant,</strong></span> <span class='ocrx_word' id='word_1_65' title='bbox 1008 1527 1072 1597; x_wconf 89' lang='lat' dir='ltr'><strong>pro</strong></span> <span class='ocrx_word' id='word_1_66' title='bbox 1093 1506 1197 1575; x_wconf 81' lang='lat' dir='ltr'><strong>cussis</strong></span> 
     </span>
     <span class='ocr_line' id='line_1_11' title="bbox 149 1620 1196 1711; baseline -0.002 -19"><span class='ocrx_word' id='word_1_67' title='bbox 149 1632 189 1692; x_wconf 86' lang='lat' dir='ltr'><strong>et</strong></span> <span class='ocrx_word' id='word_1_68' title='bbox 204 1621 313 1692; x_wconf 83' lang='lat' dir='ltr'><strong>irn&#39;tis</strong></span> <span class='ocrx_word' id='word_1_69' title='bbox 330 1620 565 1692; x_wconf 74' lang='lat' dir='ltr'><strong>habebuntur.</strong></span> <span class='ocrx_word' id='word_1_70' title='bbox 619 1621 675 1691; x_wconf 89' lang='lat' dir='ltr'><strong>De</strong></span> <span class='ocrx_word' id='word_1_71' title='bbox 701 1621 815 1691; x_wconf 80' lang='lat' dir='ltr'><strong>causis</strong></span> <span class='ocrx_word' id='word_1_72' title='bbox 839 1642 919 1711; x_wconf 87' lang='lat' dir='ltr'><strong>quae</strong></span> <span class='ocrx_word' id='word_1_73' title='bbox 945 1620 1035 1690; x_wconf 82' lang='lat' dir='ltr'><strong>infra</strong></span> <span class='ocrx_word' id='word_1_74' title='bbox 1060 1629 1196 1690; x_wconf 85' lang='lat' dir='ltr'><strong>certum</strong></span> 
     </span>
     <span class='ocr_line' id='line_1_12' title="bbox 150 1736 1197 1832; baseline -0.002 -22"><span class='ocrx_word' id='word_1_75' title='bbox 150 1748 293 1832; x_wconf 81' lang='lat' dir='ltr'><strong>tempus</strong></span> <span class='ocrx_word' id='word_1_76' title='bbox 308 1736 513 1810; x_wconf 83' lang='lat' dir='ltr'><strong>decidendae</strong></span> <span class='ocrx_word' id='word_1_77' title='bbox 528 1739 812 1816; x_wconf 80' lang='lat' dir='ltr'><strong>committuntur,</strong></span> <span class='ocrx_word' id='word_1_78' title='bbox 831 1744 1006 1806; x_wconf 84' lang='lat' dir='ltr'><strong>statutum</strong></span> <span class='ocrx_word' id='word_1_79' title='bbox 1025 1746 1089 1820; x_wconf 88' lang='lat' dir='ltr'><strong>est,</strong></span> <span class='ocrx_word' id='word_1_80' title='bbox 1104 1739 1197 1829; x_wconf 92' lang='lat' dir='ltr'><strong>quod</strong></span> 
     </span>
     <span class='ocr_line' id='line_1_13' title="bbox 150 1853 1197 1946; baseline -0.001 -22"><span class='ocrx_word' id='word_1_81' title='bbox 150 1854 217 1924; x_wconf 86' lang='lat' dir='ltr'><strong>nisi</strong></span> <span class='ocrx_word' id='word_1_82' title='bbox 249 1853 324 1923; x_wconf 86' lang='lat' dir='ltr'><strong>dies</strong></span> <span class='ocrx_word' id='word_1_83' title='bbox 353 1853 516 1945; x_wconf 75' lang='lat' dir='ltr'><strong>prefixus</strong></span> <span class='ocrx_word' id='word_1_84' title='bbox 543 1854 588 1924; x_wconf 90' lang='lat' dir='ltr'><strong>de</strong></span> <span class='ocrx_word' id='word_1_85' title='bbox 623 1853 802 1924; x_wconf 79' lang='lat' dir='ltr'><strong>communi</strong></span> <span class='ocrx_word' id='word_1_86' title='bbox 837 1875 1008 1923; x_wconf 81' lang='lat' dir='ltr'><strong>consensu</strong></span> <span class='ocrx_word' id='word_1_87' title='bbox 1043 1855 1197 1946; x_wconf 82' lang='lat' dir='ltr'><strong>partium</strong></span> 
     </span>
     <span class='ocr_line' id='line_1_14' title="bbox 149 1968 1054 2063; baseline 0 -23"><span class='ocrx_word' id='word_1_88' title='bbox 149 1978 369 2063; x_wconf 82' lang='lat' dir='ltr'><strong>prorogetur,</strong></span> <span class='ocrx_word' id='word_1_89' title='bbox 386 1968 446 2039; x_wconf 85' lang='lat' dir='ltr'><strong>eo⁴</strong></span> <span class='ocrx_word' id='word_1_90' title='bbox 464 1968 660 2042; x_wconf 84' lang='lat' dir='ltr'><strong>transooto⁵</strong></span> <span class='ocrx_word' id='word_1_91' title='bbox 676 1970 884 2040; x_wconf 83' lang='lat' dir='ltr'><strong>mundatum</strong></span> <span class='ocrx_word' id='word_1_92' title='bbox 905 1970 1054 2062; x_wconf 82' lang='lat' dir='ltr'><strong>expirat.</strong></span> 
     </span>
    </p>
   </div>
   <div class='ocr_carea' id='block_1_5' title="bbox 279 2181 1070 2279">
    <p class='ocr_par' dir='ltr' id='par_1_5' title="bbox 279 2181 1070 2279">
     <span class='ocr_line' id='line_1_15' title="bbox 279 2181 1070 2279; baseline -0.001 -33"><span class='ocrx_word' id='word_1_93' title='bbox 279 2181 383 2247; x_wconf 70' lang='lat' dir='ltr'><strong>ludeo</strong></span> <span class='ocrx_word' id='word_1_94' title='bbox 396 2203 455 2247; x_wconf 79' lang='lat' dir='ltr'><strong>oon</strong></span> <span class='ocrx_word' id='word_1_95' title='bbox 469 2181 591 2248; x_wconf 70' lang='lat' dir='ltr'><strong>tatano</strong></span> <span class='ocrx_word' id='word_1_96' title='bbox 604 2182 784 2247; x_wconf 71' lang='lat' dir='ltr'><strong>advocatum</strong></span> <span class='ocrx_word' id='word_1_97' title='bbox 794 2182 956 2279; x_wconf 71' lang='lat' dir='ltr'><strong>providero</strong></span> <span class='ocrx_word' id='word_1_98' title='bbox 964 2191 1070 2267; x_wconf 65' lang='lat' dir='ltr'><strong>potest</strong></span> 
     </span>
    </p>
   </div>
   <div class='ocr_carea' id='block_1_6' title="bbox 143 2320 1200 2882">
    <p class='ocr_par' dir='ltr' id='par_1_6' title="bbox 143 2320 1200 2882">
     <span class='ocr_line' id='line_1_16' title="bbox 200 2320 1199 2415; baseline 0.003 -25"><span class='ocrx_word' id='word_1_99' title='bbox 200 2320 378 2404; x_wconf 81' lang='lat' dir='ltr'><strong>Quoniam</strong></span> <span class='ocrx_word' id='word_1_100' title='bbox 405 2320 576 2414; x_wconf 80' lang='lat' dir='ltr'><strong>litigando</strong></span> <span class='ocrx_word' id='word_1_101' title='bbox 604 2344 683 2412; x_wconf 83' lang='lat' dir='ltr'><strong>pars</strong></span> <span class='ocrx_word' id='word_1_102' title='bbox 711 2320 876 2414; x_wconf 87' lang='lat' dir='ltr'><strong>compelli</strong></span> <span class='ocrx_word' id='word_1_103' title='bbox 903 2345 972 2391; x_wconf 90' lang='lat' dir='ltr'><strong>non</strong></span> <span class='ocrx_word' id='word_1_104' title='bbox 1007 2331 1124 2415; x_wconf 82' lang='lat' dir='ltr'><strong>potest</strong></span> <span class='ocrx_word' id='word_1_105' title='bbox 1154 2323 1199 2393; x_wconf 88' lang='lat' dir='ltr'><strong>ad</strong></span> 
     </span>
     <span class='ocr_line' id='line_1_17' title="bbox 150 2437 1198 2529; baseline 0.001 -20"><span class='ocrx_word' id='word_1_106' title='bbox 150 2437 446 2529; x_wconf 87' lang='lat' dir='ltr'><strong>respondendum,</strong></span> <span class='ocrx_word' id='word_1_107' title='bbox 471 2438 535 2506; x_wconf 86' lang='lat' dir='ltr'><strong>nisi</strong></span> <span class='ocrx_word' id='word_1_108' title='bbox 562 2437 773 2507; x_wconf 80' lang='lat' dir='ltr'><strong>advocatum</strong></span> <span class='ocrx_word' id='word_1_109' title='bbox 800 2437 942 2521; x_wconf 80' lang='lat' dir='ltr'><strong>habeat,</strong></span> <span class='ocrx_word' id='word_1_110' title='bbox 970 2440 1013 2509; x_wconf 82' lang='lat' dir='ltr'><strong>ud</strong></span> <span class='ocrx_word' id='word_1_111' title='bbox 1045 2439 1198 2510; x_wconf 82' lang='lat' dir='ltr'><strong>officium</strong></span> 
     </span>
     <span class='ocr_line' id='line_1_18' title="bbox 143 2548 1198 2648; baseline 0.003 -25"><span class='ocrx_word' id='word_1_112' title='bbox 143 2548 294 2646; x_wconf 82' lang='lat' dir='ltr'><strong>judiois⁶</strong></span> <span class='ocrx_word' id='word_1_113' title='bbox 326 2553 519 2645; x_wconf 85' lang='lat' dir='ltr'><strong>pertinebit</strong></span> <span class='ocrx_word' id='word_1_114' title='bbox 552 2552 763 2623; x_wconf 77' lang='lat' dir='ltr'><strong>advocatum</strong></span> <span class='ocrx_word' id='word_1_115' title='bbox 798 2552 849 2623; x_wconf 91' lang='lat' dir='ltr'><strong>illi</strong></span> <span class='ocrx_word' id='word_1_116' title='bbox 881 2556 973 2646; x_wconf 82' lang='lat' dir='ltr'><strong>porti</strong></span> <span class='ocrx_word' id='word_1_117' title='bbox 1007 2556 1198 2648; x_wconf 83' lang='lat' dir='ltr'><strong>providere,</strong></span> 
     </span>
     <span class='ocr_line' id='line_1_19' title="bbox 149 2669 1200 2761; baseline 0.005 -23"><span class='ocrx_word' id='word_1_118' title='bbox 149 2691 229 2761; x_wconf 82' lang='lat' dir='ltr'><strong>quae</strong></span> <span class='ocrx_word' id='word_1_119' title='bbox 255 2669 465 2740; x_wconf 84' lang='lat' dir='ltr'><strong>odvoootum</strong></span> <span class='ocrx_word' id='word_1_120' title='bbox 495 2669 625 2740; x_wconf 79' lang='lat' dir='ltr'><strong>hebere</strong></span> <span class='ocrx_word' id='word_1_121' title='bbox 653 2691 724 2740; x_wconf 92' lang='lat' dir='ltr'><strong>non</strong></span> <span class='ocrx_word' id='word_1_122' title='bbox 752 2678 879 2761; x_wconf 88' lang='lat' dir='ltr'><strong>potest,</strong></span> <span class='ocrx_word' id='word_1_123' title='bbox 907 2671 1000 2740; x_wconf 87' lang='lat' dir='ltr'><strong>etsi</strong></span> <span class='ocrx_word' id='word_1_124' title='bbox 1029 2671 1200 2753; x_wconf 85' lang='lat' dir='ltr'><strong>videatur,</strong></span> 
     </span>
     <span class='ocr_line' id='line_1_20' title="bbox 152 2784 1200 2882; baseline 0.003 -28"><span class='ocrx_word' id='word_1_125' title='bbox 152 2807 256 2855; x_wconf 89' lang='lat' dir='ltr'><strong>suum</strong></span> <span class='ocrx_word' id='word_1_126' title='bbox 270 2785 505 2856; x_wconf 82' lang='lat' dir='ltr'><strong>domesticum</strong></span> <span class='ocrx_word' id='word_1_127' title='bbox 523 2785 607 2857; x_wconf 83' lang='lat' dir='ltr'><strong>dare</strong></span> <span class='ocrx_word' id='word_1_128' title='bbox 624 2786 767 2878; x_wconf 88' lang='lat' dir='ltr'><strong>poterit.</strong></span> <span class='ocrx_word' id='word_1_129' title='bbox 803 2784 929 2857; x_wconf 89' lang='lat' dir='ltr'><strong>Potest</strong></span> <span class='ocrx_word' id='word_1_130' title='bbox 946 2789 1055 2857; x_wconf 83' lang='lat' dir='ltr'><strong>etium</strong></span> <span class='ocrx_word' id='word_1_131' title='bbox 1074 2811 1200 2882; x_wconf 84' lang='lat' dir='ltr'><strong>eogere</strong></span> 
     </span>
    </p>
   </div>
   <div class='ocr_carea' id='block_1_7' title="bbox 150 2898 1200 3344">
    <p class='ocr_par' dir='ltr' id='par_1_7' title="bbox 150 2898 1200 3344">
     <span class='ocr_line' id='line_1_21' title="bbox 150 2898 1199 2994; baseline 0.003 -25"><span class='ocrx_word' id='word_1_132' title='bbox 150 2921 257 2992; x_wconf 89' lang='lat' dir='ltr'><strong>quem</strong></span> <span class='ocrx_word' id='word_1_133' title='bbox 285 2898 437 2970; x_wconf 84' lang='lat' dir='ltr'><strong>voluerit</strong></span> <span class='ocrx_word' id='word_1_134' title='bbox 461 2899 571 2971; x_wconf 84' lang='lat' dir='ltr'><strong>olium</strong></span> <span class='ocrx_word' id='word_1_135' title='bbox 600 2902 811 2972; x_wconf 80' lang='lat' dir='ltr'><strong>advocatum</strong></span> <span class='ocrx_word' id='word_1_136' title='bbox 837 2903 882 2972; x_wconf 85' lang='lat' dir='ltr'><strong>ed</strong></span> <span class='ocrx_word' id='word_1_137' title='bbox 908 2903 1199 2994; x_wconf 81' lang='lat' dir='ltr'><strong>patrocinandum</strong></span> 
     </span>
     <span class='ocr_line' id='line_1_22' title="bbox 150 3016 1200 3112; baseline 0.002 -25"><span class='ocrx_word' id='word_1_138' title='bbox 150 3016 322 3111; x_wconf 77' lang='lat' dir='ltr'><strong>indigenti</strong></span> <span class='ocrx_word' id='word_1_139' title='bbox 349 3039 412 3109; x_wconf 91' lang='lat' dir='ltr'><strong>pro</strong></span> <span class='ocrx_word' id='word_1_140' title='bbox 438 3040 592 3111; x_wconf 81' lang='lat' dir='ltr'><strong>congruo</strong></span> <span class='ocrx_word' id='word_1_141' title='bbox 617 3018 790 3100; x_wconf 83' lang='lat' dir='ltr'><strong>mercede,</strong></span> <span class='ocrx_word' id='word_1_142' title='bbox 809 3041 914 3110; x_wconf 81' lang='lat' dir='ltr'><strong>quam</strong></span> <span class='ocrx_word' id='word_1_143' title='bbox 936 3027 1056 3112; x_wconf 88' lang='lat' dir='ltr'><strong>potest</strong></span> <span class='ocrx_word' id='word_1_144' title='bbox 1077 3020 1110 3089; x_wconf 88' lang='lat' dir='ltr'><strong>ei</strong></span> <span class='ocrx_word' id='word_1_145' title='bbox 1131 3019 1200 3090; x_wconf 88' lang='lat' dir='ltr'><strong>sol-</strong></span> 
     </span>
     <span class='ocr_line' id='line_1_23' title="bbox 151 3134 1199 3230; baseline 0.003 -27"><span class='ocrx_word' id='word_1_146' title='bbox 151 3156 254 3217; x_wconf 80' lang='lat' dir='ltr'><strong>vere3</strong></span> <span class='ocrx_word' id='word_1_147' title='bbox 292 3141 330 3204; x_wconf 91' lang='lat' dir='ltr'><strong>et</strong></span> <span class='ocrx_word' id='word_1_148' title='bbox 357 3135 384 3205; x_wconf 87' lang='lat' dir='ltr'><strong>si</strong></span> <span class='ocrx_word' id='word_1_149' title='bbox 414 3135 558 3206; x_wconf 89' lang='lat' dir='ltr'><strong>omnino</strong></span> <span class='ocrx_word' id='word_1_150' title='bbox 587 3134 724 3205; x_wconf 84' lang='lat' dir='ltr'><strong>solvere</strong></span> <span class='ocrx_word' id='word_1_151' title='bbox 754 3157 824 3204; x_wconf 92' lang='lat' dir='ltr'><strong>non</strong></span> <span class='ocrx_word' id='word_1_152' title='bbox 860 3136 981 3228; x_wconf 88' lang='lat' dir='ltr'><strong>possit,</strong></span> <span class='ocrx_word' id='word_1_153' title='bbox 1012 3137 1056 3206; x_wconf 86' lang='lat' dir='ltr'><strong>od</strong></span> <span class='ocrx_word' id='word_1_154' title='bbox 1090 3137 1199 3230; x_wconf 80' lang='lat' dir='ltr'><strong>gratis</strong></span> 
     </span>
     <span class='ocr_line' id='line_1_24' title="bbox 151 3251 452 3344; baseline -0.003 -23"><span class='ocrx_word' id='word_1_155' title='bbox 151 3251 452 3344; x_wconf 72' lang='lat' dir='ltr'><strong>patrocinandum.</strong></span> 
     </span>
    </p>
   </div>
   <div class='ocr_carea' id='block_1_8' title="bbox 149 3477 1198 4023">
    <p class='ocr_par' dir='ltr' id='par_1_8' title="bbox 149 3477 1198 4023">
     <span class='ocr_line' id='line_1_25' title="bbox 214 3477 1128 3567; baseline 0.002 -24"><span class='ocrx_word' id='word_1_156' title='bbox 214 3477 493 3566; x_wconf 66' lang='lat' dir='ltr'><strong>Judeosupr&#39;ootem</strong></span> <span class='ocrx_word' id='word_1_157' title='bbox 508 3489 638 3565; x_wconf 67' lang='lat' dir='ltr'><strong>rmetere</strong></span> <span class='ocrx_word' id='word_1_158' title='bbox 645 3489 744 3565; x_wconf 74' lang='lat' dir='ltr'><strong>potest</strong></span> <span class='ocrx_word' id='word_1_159' title='bbox 759 3502 779 3545; x_wconf 89' lang='lat' dir='ltr'><strong><em>a</em></strong></span> <span class='ocrx_word' id='word_1_160' title='bbox 786 3481 896 3564; x_wconf 78' lang='lat' dir='ltr'><strong>judice</strong></span> <span class='ocrx_word' id='word_1_161' title='bbox 911 3479 971 3544; x_wconf 73' lang='lat' dir='ltr'><strong>lori</strong></span> <span class='ocrx_word' id='word_1_162' title='bbox 983 3481 1029 3544; x_wconf 83' lang='lat' dir='ltr'><strong>ud</strong></span> <span class='ocrx_word' id='word_1_163' title='bbox 1041 3503 1128 3567; x_wconf 75' lang='lat' dir='ltr'><strong>quens</strong></span> 
     </span>
     <span class='ocr_line' id='line_1_26' title="bbox 590 3582 740 3669; baseline -0.007 -21"><span class='ocrx_word' id='word_1_164' title='bbox 590 3582 740 3669; x_wconf 59' lang='lat' dir='ltr'><strong>supersit</strong></span> 
     </span>
     <span class='ocr_line' id='line_1_27' title="bbox 198 3718 1198 3813; baseline 0 -22"><span class='ocrx_word' id='word_1_165' title='bbox 198 3718 353 3804; x_wconf 76' lang='lat' dir='ltr'><strong>Quando</strong></span> <span class='ocrx_word' id='word_1_166' title='bbox 377 3742 484 3813; x_wconf 81' lang='lat' dir='ltr'><strong>grave</strong></span> <span class='ocrx_word' id='word_1_167' title='bbox 505 3718 675 3790; x_wconf 78' lang='lat' dir='ltr'><strong>delictum</strong></span> <span class='ocrx_word' id='word_1_168' title='bbox 702 3721 927 3790; x_wconf 82' lang='lat' dir='ltr'><strong>commissum</strong></span> <span class='ocrx_word' id='word_1_169' title='bbox 957 3722 1072 3802; x_wconf 86' lang='lat' dir='ltr'><strong>fuerit,</strong></span> <span class='ocrx_word' id='word_1_170' title='bbox 1084 3722 1198 3812; x_wconf 87' lang='lat' dir='ltr'><strong>judex</strong></span> 
     </span>
     <span class='ocr_line' id='line_1_28' title="bbox 150 3835 1197 3931; baseline 0.002 -25"><span class='ocrx_word' id='word_1_171' title='bbox 150 3837 228 3929; x_wconf 89' lang='lat' dir='ltr'><strong>ejus</strong></span> <span class='ocrx_word' id='word_1_172' title='bbox 249 3835 318 3908; x_wconf 87' lang='lat' dir='ltr'><strong>loei</strong></span> <span class='ocrx_word' id='word_1_173' title='bbox 340 3845 459 3928; x_wconf 88' lang='lat' dir='ltr'><strong>potest</strong></span> <span class='ocrx_word' id='word_1_174' title='bbox 478 3846 598 3928; x_wconf 90' lang='lat' dir='ltr'><strong>petere</strong></span> <span class='ocrx_word' id='word_1_175' title='bbox 619 3859 640 3905; x_wconf 85' lang='lat' dir='ltr'><strong>o</strong></span> <span class='ocrx_word' id='word_1_176' title='bbox 659 3836 783 3927; x_wconf 87' lang='lat' dir='ltr'><strong>judice</strong></span> <span class='ocrx_word' id='word_1_177' title='bbox 801 3835 868 3904; x_wconf 84' lang='lat' dir='ltr'><strong>loci</strong></span> <span class='ocrx_word' id='word_1_178' title='bbox 888 3859 1055 3926; x_wconf 86' lang='lat' dir='ltr'><strong>quorsus</strong></span> <span class='ocrx_word' id='word_1_179' title='bbox 1075 3837 1197 3931; x_wconf 80' lang='lat' dir='ltr'><strong>fugit⁸,</strong></span> 
     </span>
     <span class='ocr_line' id='line_1_29' title="bbox 149 3950 636 4023; baseline -0.008 0"><span class='ocrx_word' id='word_1_180' title='bbox 149 3963 191 4023; x_wconf 89' lang='lat' dir='ltr'><strong>ut</strong></span> <span class='ocrx_word' id='word_1_181' title='bbox 208 3951 310 4023; x_wconf 89' lang='lat' dir='ltr'><strong>illum</strong></span> <span class='ocrx_word' id='word_1_182' title='bbox 328 3953 372 4023; x_wconf 87' lang='lat' dir='ltr'><strong>od</strong></span> <span class='ocrx_word' id='word_1_183' title='bbox 390 3975 429 4023; x_wconf 88' lang='lat' dir='ltr'><strong>se</strong></span> <span class='ocrx_word' id='word_1_184' title='bbox 447 3950 636 4022; x_wconf 79' lang='lat' dir='ltr'><strong>remittat9.</strong></span> 
     </span>
    </p>
   </div>
   <div class='ocr_carea' id='block_1_9' title="bbox 146 4122 1196 4487">
    <p class='ocr_par' dir='ltr' id='par_1_9' title="bbox 146 4122 1196 4380">
     <span class='ocr_line' id='line_1_30' title="bbox 191 4122 1196 4202; baseline -0.002 -17"><span class='ocrx_word' id='word_1_185' title='bbox 191 4123 440 4185; x_wconf 80' lang='lat' dir='ltr'><strong>¹observurerint.</strong></span> <span class='ocrx_word' id='word_1_186' title='bbox 528 4123 676 4184; x_wconf 81' lang='lat' dir='ltr'><strong>²fuerunt.</strong></span> <span class='ocrx_word' id='word_1_187' title='bbox 762 4122 913 4202; x_wconf 65' lang='lat' dir='ltr'><strong>Selapsam</strong></span> <span class='ocrx_word' id='word_1_188' title='bbox 929 4146 980 4184; x_wconf 82' lang='lat' dir='ltr'><strong>orn.</strong></span> <span class='ocrx_word' id='word_1_189' title='bbox 1068 4125 1131 4183; x_wconf 73' lang='lat'><strong>⁴00</strong></span> <span class='ocrx_word' id='word_1_190' title='bbox 1145 4146 1196 4184; x_wconf 84' lang='lat' dir='ltr'><strong>orn.</strong></span> 
     </span>
     <span class='ocr_line' id='line_1_31' title="bbox 146 4217 1195 4300; baseline 0.001 -17"><span class='ocrx_word' id='word_1_191' title='bbox 146 4227 359 4283; x_wconf 74' lang='lat' dir='ltr'><strong>⁶trnnssctum.</strong></span> <span class='ocrx_word' id='word_1_192' title='bbox 477 4225 675 4298; x_wconf 81' lang='lat' dir='ltr'><strong>‘judicisnon</strong></span> <span class='ocrx_word' id='word_1_193' title='bbox 692 4245 719 4298; x_wconf 90' lang='lat' dir='ltr'><strong>p.</strong></span> <span class='ocrx_word' id='word_1_194' title='bbox 832 4224 956 4300; x_wconf 80' lang='lat' dir='ltr'><strong>⁷fugiat.</strong></span> <span class='ocrx_word' id='word_1_195' title='bbox 1069 4217 1195 4300; x_wconf 73' lang='lat' dir='ltr'><strong>⁸fugiat.</strong></span> 
     </span>
     <span class='ocr_line' id='line_1_32' title="bbox 146 4315 276 4380; baseline 0 0"><span class='ocrx_word' id='word_1_196' title='bbox 146 4315 276 4380; x_wconf 78' lang='lat' dir='ltr'><strong>’mittut</strong></span> 
     </span>
    </p>

    <p class='ocr_par' dir='ltr' id='par_1_10' title="bbox 665 4440 685 4487">
     <span class='ocr_line' id='line_1_33' title="bbox 665 4440 685 4487; baseline 0 0"><span class='ocrx_word' id='word_1_197' title='bbox 665 4440 685 4487; x_wconf 90' lang='lat' dir='ltr'><strong>P</strong></span> 
     </span>
    </p>
   </div>
   <div class='ocr_carea' id='block_1_10' title="bbox 0 0 1350 4800">
    <p class='ocr_par' dir='ltr' id='par_1_11' title="bbox 0 0 1350 4800">
     <span class='ocr_line' id='line_1_34' title="bbox 0 0 1350 4800; baseline 0 0"><span class='ocrx_word' id='word_1_198' title='bbox 0 0 1350 4800; x_wconf 95' lang='lat' dir='ltr'><strong> </strong></span> 
     </span>
    </p>
   </div>
  </div>
 </body>
</html>
