2692 4800
145 278 193 343 44
249 361 251 365 v
512 293 561 342 ns
585 287 830 342 uarnruonro.
1202 286 1248 363 cp

143 458 207 530 est,
226 455 264 518 et
288 446 543 540 turpitudinem
567 445 761 516 multorum
784 443 999 538 flagitiorum
1025 440 1189 523 excludit,

144 564 206 635 illa
231 567 370 656 quoties
396 585 483 657 opus
509 563 587 643 erit,
611 563 717 632 modo
743 562 811 631 rite
836 559 934 641 liant,
952 559 1068 651 repeti
1095 580 1191 651 poma

146 679 317 751 volumus,
364 678 445 750 Nec
462 676 553 749 ullas
570 699 746 771 personas,
762 678 1006 770 cujuscunque
1024 675 1098 746 sint
1114 698 1193 745 cou-

146 799 298 879 ditionis,
329 797 469 877 ordinis,
500 804 562 865 aut
597 796 720 876 artatis,
755 818 777 864 a
810 793 943 885 nuptiis
977 791 1192 862 abarcemua

145 915 278 986 Tamen
310 912 519 983 Christianis
553 912 705 981 foeminis
740 933 818 1003 quae
847 909 999 1002 grandes
1034 918 1132 991 suut,
1159 918 1194 978 et

145 1040 255 1103 aetate
281 1030 434 1099 multum
465 1037 653 1121 provectae,
681 1027 866 1098 consilium
893 1027 1030 1109 damus,
1052 1033 1091 1095 et
1120 1024 1195 1096 illas

146 1149 254 1218 etiam
289 1168 500 1241 magnopere
538 1145 774 1225 cohortamur,
810 1165 854 1214 ne
888 1165 926 1213 se
960 1141 1074 1212 velint
1114 1164 1194 1213 cum

145 1262 427 1333 adolescentibus
450 1261 674 1331 matrimonio
697 1262 922 1353 conjungere,
940 1268 1020 1330 tum
1038 1255 1140 1351 quia¹
1158 1257 1197 1329 li-

146 1380 249 1450 beros
272 1401 317 1448 ex
343 1376 412 1448 illia
437 1376 567 1447 habere
591 1399 661 1446 non
687 1377 831 1468 possint,
849 1384 925 1445 tum
947 1371 1051 1467 quia²
1076 1375 1115 1444 iu
1138 1373 1198 1446 illa

145 1496 291 1585 levitate
309 1517 438 1589 magna
454 1495 500 1564 sit
518 1502 555 1564 et
572 1490 760 1585 multiplex
779 1491 1001 1584 perversitas.

353 1697 429 1782 Cap.
444 1719 492 1762 10.
516 1698 731 1784 Polppamium
747 1718 806 1762 ease
820 1697 989 1762 edendam.

197 1817 438 1914 Polygamiam
456 1830 575 1891 antem
595 1820 771 1915 profligari
790 1819 926 1914 legibus
949 1822 1082 1891 nostris
1100 1822 1201 1892 volu·

147 1959 236 2020 mus,
267 1946 304 2008 et
339 1937 375 2005 in
408 1937 540 2007 eisdem
573 1937 704 2030 nuptiis
735 1936 847 2006 solum
878 1937 1044 2030 ponimus
1073 1961 1200 2019 uuum,

146 2063 255 2145 atque
271 2054 359 2124 adeo
378 2054 521 2123 unicum
545 2077 625 2146 par;
652 2055 702 2125 sio
726 2055 820 2124 enim
838 2054 1109 2125 matrimonium
1132 2055 1200 2126 fuit

147 2192 168 2238 a
184 2168 263 2239 Deo
277 2170 389 2263 primo
402 2170 600 2240 fundatum.
646 2170 773 2262 Itaque
791 2169 819 2239 si
838 2170 916 2262 quis
933 2169 1051 2262 plures
1069 2194 1201 2243 uxores

147 2287 333 2378 acceperit,
352 2308 473 2355 omnes
496 2287 704 2378 posteriores
727 2282 921 2366 amandet³‚
940 2294 978 2355 et
1003 2285 1123 2357 solum
1148 2310 1202 2358 re-

148 2403 260 2472 tineat
278 2424 383 2492 quam
402 2403 550 2494 sumpsit
568 2403 729 2494 primam,
742 2403 783 2490 (si
803 2403 969 2471 maritum
992 2401 1079 2473 velit
1096 2402 1199 2474 illum

147 2523 367 2612 agnoscere3i
382 2520 507 2589 ceteris
519 2542 610 2602 vero,
623 2519 750 2611 quibus
763 2519 963 2590 abeundum
977 2519 1201 2614 est‚siugulis

148 2634 267 2704 dotem
305 2634 497 2727 dispertiat,
527 2645 564 2703 et
593 2635 759 2705 Ecclesiae
791 2644 958 2728 praeterea
991 2637 1202 2720 satisfaciat,

148 2750 294 2820 affectus
325 2750 385 2820 illa
416 2775 517 2843 poena
547 2775 652 2843 qnam
681 2752 795 2844 judex
826 2760 926 2822 tauto
960 2752 1086 2822 sceleri
1118 2777 1203 2824 corr-

150 2868 268 2937 veuiro
292 2869 519 2939 existimabit.
572 2868 661 2937 Tum
689 2869 877 2939 mulierum
904 2870 1013 2938 etiam
1037 2873 1202 2963 nequitia

148 2984 319 3077 supplicio
332 2986 570 3078 castigabitur,
586 2987 612 3053 si
632 2986 782 3055 scientes
800 2986 1011 3055 adeundam
1029 3008 1069 3057 so
1083 2989 1201 3058 virum

149 3101 373 3182 contulerint,
391 3111 429 3172 et
452 3105 479 3171 si
504 3101 642 3172 illarum
669 3103 703 3170 in
728 3125 771 3172 eo
790 3100 962 3172 maleficio
983 3102 1091 3196 culpa
1107 3103 1201 3176 ulla⁴

149 3216 362 3308 deprehendi
388 3218 508 3308 possit.

275 3429 351 3514 Gap.
364 3451 413 3493 11.
439 3432 571 3516 Propter
585 3433 779 3495 cmttantioaes
793 3438 821 3494 et
835 3433 920 3495 rinos
934 3453 993 3495 11111
1007 3417 1077 3497 tolli

575 3535 812 3598 aratrimonium.

199 3663 374 3734 Concluso
394 3665 468 3755 jam
497 3665 729 3745 matrimonio,
757 3667 784 3733 si
813 3663 900 3734 tales
926 3665 1023 3746 rixae,
1052 3678 1198 3739 conteu-

150 3783 272 3863 tioues,
285 3782 427 3872 iujurias,
439 3783 953 3863 concertationes,acerbitates,
960 3786 1196 3865 contumeliae,

150 3897 264 3973 luxus,
284 3900 474 3990 pravitates
495 3897 701 3990 multiplicis
718 3899 856 3991 generis
874 3907 947 3967 tam
968 3901 1197 3973 vehementer

150 4023 356 4095 exestuant,
375 4016 469 4084 utin
493 4015 624 4085 eisdem
648 4016 780 4084 aedibus
799 4015 965 4107 conjuges
985 4018 1193 4089 commorari

151 4129 275 4215 nolint,
295 4154 360 4202 neo
383 4140 502 4201 cetera
524 4132 737 4202 matrimonii
756 4134 839 4224 jura
861 4131 926 4201 sibi
953 4141 1082 4204 mutuo
1106 4157 1193 4227 prae·

201 4286 351 4365 ¹tumque.
435 4293 587 4367 2porsunt,
603 4298 755 4367 tumque·
810 4290 977 4347 ³ameudet.
1061 4288 1143 4349 ⁴ille
