2692 4800
207 273 281 339 224
474 288 523 339 nn
539 286 760 338 JURAMENTO
777 284 989 337 ostensus.
1237 288 1334 365 epu

437 547 514 633 Gap.
525 567 555 632 9.
578 546 622 633 la
635 544 837 631 appellatione
842 544 1026 630 juvandam.

258 691 301 761 In
324 687 571 782 appellationis
595 708 736 778 quoque
756 708 861 757 eausa
877 686 922 756 de
943 685 1125 757 calumnia
1138 687 1253 780 juran-

208 809 293 881 dum
323 814 387 888 est,
413 804 573 898 quamvis
600 802 644 873 ab
671 801 774 871 initio
800 801 975 873 institutae
1003 799 1078 871 litis
1097 802 1253 894 juratum

208 925 327 996 fuerit.

251 1113 329 1196 Gap.
342 1131 392 1174 10.
416 1106 795 1192 Ramamjaramasam
809 1105 974 1171 mhmaa'oe
986 1125 1087 1171 eausa
1100 1106 1218 1172 eadm.

258 1266 295 1336 Is
320 1287 341 1334 a
366 1287 437 1356 quo
456 1263 702 1354 juramentum
728 1260 917 1332 calumniae
942 1282 1005 1331 seu
1030 1259 1184 1332 malitiae
1209 1285 1258 1333 re·

208 1383 368 1476 quiritur,
387 1379 415 1449 si
439 1387 578 1448 recuset
599 1379 714 1469 ipsum
732 1384 910 1470 praestare,
927 1399 1033 1448 eausa
1053 1378 1171 1459 cadet,
1188 1378 1259 1449 sive

207 1518 288 1568 reus
305 1495 414 1566 fuerit
432 1493 505 1563 sive
522 1499 630 1563 actor.

278 1701 356 1786 Gap.
368 1721 417 1764 11.
439 1699 656 1763 Jaramomam
669 1697 832 1762 alumnia
846 1719 906 1762 non
919 1709 960 1763 ost
973 1699 1187 1765 omittendum

258 1846 330 1918 Sed
362 1845 446 1938 quia
472 1865 644 1923 veremur,
672 1866 717 1912 ne
745 1843 890 1913 forsitan
920 1851 1038 1936 partes
1065 1843 1261 1917 collusione

207 1965 358 2056 quadam
393 1970 536 2030 utentes
569 1959 754 2029 remittant
780 1958 846 2029 sibi
876 1960 1029 2031 invicem
1054 1958 1261 2053 hujusmodi

207 2086 477 2160 sacramentum,
495 2083 533 2147 et
552 2073 608 2145 vel
631 2072 718 2147 hoe²
734 2083 837 2167 pacto
861 2077 1078 2146 sanationem
1102 2084 1262 2148 nostiam

208 2198 388 2278 deludant,
406 2193 628 2287 praecipimus
655 2189 954 2285 (quandoquidem
978 2215 1048 2263 non
1075 2214 1140 2285 pro
1166 2214 1265 2264 eom·

207 2314 314 2385 modo
330 2311 546 2406 privatorum
560 2309 819 2390 tantummodo,
831 2307 1065 2378 verumetiam
1082 2330 1149 2401 pro
1166 2330 1264 2380 eom·

207 2431 306 2501 muni
342 2427 499 2498 utilitate
534 2434 745 2517 praesentem
784 2424 898 2519 legem
935 2425 1131 2517 posuimus)
1167 2426 1263 2519 qnod

201 2548 342 2640 judices
367 2543 514 2612 minime
538 2541 718 2633 patiantur
733 2539 981 2632 jusjurandum
1002 2540 1109 2624 istud,
1126 2541 1264 2613 nednm

209 2682 382 2754 expresse,
413 2658 473 2727 sed
509 2680 554 2726 ne
583 2658 693 2727 tacite
727 2656 869 2748 quidem
901 2656 1047 2738 remitti,
1078 2657 1140 2727 sed
1173 2656 1263 2729 illud

209 2778 264 2865 (ut
300 2774 540 2868 piaemittitnr)
575 2773 719 2842 omnino
754 2773 911 2865 exigant,
946 2780 984 2840 et
1018 2770 1117 2841 nullo
1152 2773 1263 2844 modo

208 2891 494 2987 praetermittant.
548 2888 613 2958 Est
640 2890 734 2959 enim
765 2889 832 2959 hoc
853 2888 1096 2979 juramentum
1126 2886 1327 2967 calum-107

209 3011 274 3078 niae
298 3010 391 3077 inter
415 3006 591 3099 legitimas
617 3005 876 3075 observationes
896 3004 1111 3096 judiciorum
1135 3026 1263 3075 nume·

209 3135 336 3195 ratum.
385 3122 489 3207 Quod
509 3123 536 3191 ei
549 3121 662 3213 judex
681 3119 888 3213 neglexerit,
907 3121 1102 3212 praesertim
1119 3142 1141 3190 a
1158 3129 1261 3212 parte

208 3244 374 3325 monitus,
392 3241 568 3312 sententia
585 3240 660 3330 ejus
670 3239 751 3330 jure
768 3237 968 3308 cassabitur.

480 3435 487 3473 ¹
504 3437 595 3494 cadat.
841 3434 921 3492 ²hoc
936 3454 985 3490 om.
