2692 4800
548 264 597 316 nr
621 263 803 327 ammaus,
904 316 913 331 ,
953 206 967 235 ⁰

449 524 526 612 Oap.
540 528 588 590 16.
615 525 758 611 Officium
771 525 900 590 emtam.

201 661 369 735 Officium
399 666 500 737 testis
533 665 570 735 in
600 664 667 737 hoc
696 664 852 736 maxime
880 670 1056 746 versatur,
1084 673 1126 735 ut
1152 663 1193 735 de

150 779 255 849 rebus
280 779 346 849 sibi
371 779 462 851 bene
483 782 576 852 notis
593 782 781 852 veritatem
806 789 975 873 exponat.
1028 777 1195 851 Prohibe-

149 913 230 963 mus
255 893 371 986 igitur,
388 915 435 965 ne
452 895 514 986 qui
535 902 646 966 testes
670 893 911 985 cujuscunque
935 899 1063 975 status,
1078 891 1196 963 condi·

149 1009 266 1091 tionis,
284 1032 347 1081 seu
372 1011 524 1082 nominis
545 1009 712 1091 existant,
723 1008 909 1101 judicandi
925 1007 1085 1081 officinm
1103 1008 1141 1078 in
1158 1029 1195 1079 se

149 1132 343 1207 assumant,
377 1146 493 1217 neque
527 1124 573 1194 de
606 1124 811 1196 criminibus
852 1121 1031 1215 aliquibus
1064 1121 1194 1215 aliquid

150 1247 319 1320 statuant,
350 1262 416 1310 nec
449 1240 560 1311 etiam
587 1241 777 1332 inquirant,
807 1239 874 1310 nisi
907 1239 954 1310 ad
987 1239 1194 1311 mandatnm

148 1355 243 1427 illius
262 1357 404 1448 judicis,
428 1358 488 1449 qui
512 1358 752 1450 cognitionem
780 1357 889 1449 ipsius
914 1377 1038 1440 causae,
1065 1357 1104 1428 in
1129 1379 1196 1449 qua

148 1470 282 1563 aliquid
303 1495 408 1566 agere
429 1482 612 1555 conantur,
629 1473 760 1544 habere
778 1472 993 1555 dinoscatur,
1009 1472 1078 1543 sub
1096 1494 1196 1565 poena

148 1597 388 1680 contemptus.

302 1797 380 1882 Gap.
395 1816 445 1881 17.
474 1799 539 1869 Qui
553 1821 573 1863 a
588 1799 753 1864 ustimmtio
768 1798 935 1884 repellendi
948 1806 1034 1862 sant.

198 1934 339 2029 Repelli
366 1936 529 2008 volumus
554 1962 576 2009 a
600 1939 806 2010 testimonio
832 1959 955 2007 omnes
977 1937 1025 2008 de
1046 1937 1196 2008 crimine

146 2049 264 2142 aliquo
289 2051 425 2122 famoso
450 2052 712 2136 condemnatos,
739 2053 901 2124 inimicos
925 2051 1109 2146 capitales,
1134 2053 1196 2123 do-

146 2167 323 2252 mesticos,
345 2169 474 2260 quibus
496 2171 660 2263 imperari
685 2176 804 2262 potest
828 2170 965 2239 ratione
990 2170 1113 2261 patriae
1138 2166 1195 2238 vel

146 2281 330 2352 dominicae
354 2284 551 2375 potestatis,
571 2292 733 2377 parentes
755 2283 930 2364 etiamst
950 2305 1011 2354 eos
1027 2285 1089 2375 qni
1116 2282 1196 2355 loco

144 2408 333 2489 pareutum
358 2408 452 2482 sunt,
475 2398 686 2492 impuberes,
706 2422 749 2470 ac
774 2408 895 2470 mente
921 2407 1053 2492 captos,
1077 2399 1193 2493 polam

145 2521 319 2604 quaestum
339 2514 520 2598 facientes,
539 2523 750 2608 proxenetas
767 2523 805 2586 et
823 2538 1006 2586 causarum
1027 2515 1195 2587 sollicita·

145 2638 239 2699 tores
265 2629 391 2699 inillis
414 2631 538 2711 causis,
556 2654 642 2723 quas
668 2630 875 2701 sollicitasse
900 2639 1096 2702 noscuntur
1113 2634 1193 2720 (nisi

145 2754 295 2837 utraque
312 2767 391 2837 pars
417 2746 642 2836 consentiat),
659 2769 726 2817 nec
743 2769 814 2816 non
831 2770 900 2828 eos,
919 2748 979 2840 qui
1005 2748 1041 2817 iu
1066 2773 1107 2820 re
1131 2772 1194 2819 sua

146 2863 390 2931 testimouium
418 2863 535 2933 dicere
564 2873 755 2933 conantur:
782 2885 804 2933 a
830 2864 1035 2934 testimonio
1051 2868 1194 2958 penitus

144 2988 339 3046 arceantur.
402 2979 458 3047 De
487 2978 691 3049 criminibus
719 2990 841 3050 autem
868 2980 1034 3072 suspecti,
1058 3003 1193 3052 merce·

144 3091 230 3159 narii
259 3089 358 3175 (alias
385 3093 494 3184 probi,
521 3102 559 3163 et
585 3093 741 3182 honesti)
767 3094 882 3176 amici,
908 3092 1085 3175 mulieres,
1111 3119 1192 3166 con-

143 3206 336 3298 sanguinei,
354 3229 437 3276 eum
454 3208 582 3299 quibus
607 3210 872 3279 matrimonium
899 3209 944 3279 de
963 3209 1046 3299 jure
1072 3209 1192 3278 divino

143 3343 215 3390 non
239 3321 455 3412 prohibetur,
482 3324 542 3415 qui
569 3333 653 3393 ante
677 3320 732 3392 in¹
758 3321 905 3392 alteram
931 3330 1069 3413 portem
1094 3323 1191 3392 testi·

143 3436 302 3505 monium
331 3437 496 3519 dixerint,
523 3439 567 3509 ad
598 3438 841 3509 testimouium
867 3438 1008 3507 admitti
1034 3447 1190 3530 possunt.

145 3551 217 3623 Sed
243 3552 357 3622 bonus
375 3553 490 3643 judex
516 3577 563 3625 ex
588 3555 667 3636 lide,
686 3555 871 3648 dignitate,
895 3553 1061 3635 moribus,
1079 3554 1190 3647 gravi·

143 3675 219 3737 tate
240 3669 509 3761 constantiaque
533 3668 684 3753 illorum,
703 3693 744 3741 ac
766 3671 826 3752 rei,
844 3671 889 3740 de
906 3692 975 3760 qua
991 3678 1188 3740 controver-

144 3784 242 3862 titur,
260 3780 365 3865 mole,
383 3784 486 3855 facile
503 3786 707 3858 existimare
723 3785 865 3877 poterit,
879 3784 963 3876 quid
979 3792 1044 3855 aut
1061 3785 1186 3865 credat,

144 3908 205 3968 aut
223 3920 345 3990 parum
365 3921 427 3991 per
444 3900 535 3992 ipsos
553 3900 739 3991 probatum
758 3899 890 3991 opinari
909 3897 1048 3970 debeat.

607 4035 614 4066 ¹
631 4039 660 4093 in
675 4058 727 4095 osii.
