2692 4800
509 305 559 356 na
578 304 838 356 sacnauauurs.
1150 291 1195 356 31

147 459 478 544 commendantur¹,
505 461 633 531 deinde
660 461 843 531 suscitatio
870 460 1012 552 quidem
1038 460 1143 545 illius,
1161 472 1199 532 et

146 577 281 648 reditus
297 578 344 648 ad
356 578 482 660 vitam;
500 586 541 647 ut
559 575 653 647 istis²
670 578 794 647 mortis
811 587 848 646 et
861 577 942 646 vitae
958 579 1200 649 monumentis

145 694 384 777 reeordemur,
397 703 435 764 et
452 692 569 787 palam
587 694 820 765 testificamur
837 704 1023 786 peceatum
1042 695 1079 764 in
1099 693 1200 765 nobis

144 807 324 880 mereum³
340 821 520 879 mortuum
538 816 576 880 et
593 808 773 902 sepultum
784 810 916 901 jacere,
933 810 995 880 sed
1013 832 1144 880 novum
1162 820 1200 881 et

145 924 339 996 salutarem
365 924 435 995 Dei
454 923 627 1018 Spiritum
653 925 863 995 reviviscere
889 926 926 995 in
953 926 1065 1008 nobis,
1084 935 1121 996 et
1147 948 1202 995 re-

146 1038 344 1123 florescere,
375 1043 558 1133 tinctoque
592 1041 685 1111 foras
718 1041 875 1111 externis
909 1044 1009 1135 aquis
1042 1064 1198 1133 corpore,

146 1165 286 1228 nostras
307 1157 405 1228 intus
427 1158 572 1238 animas,
590 1157 755 1228 abstersis
777 1166 1002 1249 peccatorum
1028 1158 1199 1238 sordibus,

147 1295 255 1366 puras
278 1286 316 1343 et
340 1283 569 1366 perpurgatas
592 1273 636 1344 ad
654 1282 806 1344 aeternas
829 1284 867 1344 et
889 1274 1052 1345 coelestes
1069 1297 1146 1345 oras
1163 1296 1201 1344 se

147 1388 328 1460 attollere.

251 1573 330 1661 Cap.
345 1597 378 1658 4.
403 1575 487 1657 Quid
497 1577 538 1640 ait
552 1575 764 1655 Eucharistio,
779 1599 851 1664 quoa
856 1579 983 1662 fricatas
996 1577 1113 1644 habeat.

211 1697 436 1769 Eucharistia
461 1710 717 1770 sacramentum
750 1710 817 1786 cst,
844 1701 878 1771 in
910 1723 980 1792 quo
1007 1700 1126 1771 cibum
1155 1724 1201 1771 ex

148 1839 243 1909 pane
266 1823 424 1896 sumunt,
442 1823 480 1886 et
504 1824 626 1909 potum
649 1839 694 1886 ex
713 1815 805 1898 vino,
826 1816 886 1908 qui
905 1818 1060 1887 convivae
1077 1817 1202 1889 sedent

147 1933 187 2003 in
213 1955 312 2004 sacra
337 1930 483 2002 Domini
510 1954 651 2003 mensa:
686 1934 787 2025 cujus
818 1933 917 2026 panis
942 1934 1036 2004 inter
1061 1933 1141 2005 illos
1163 1942 1202 2005 et

149 2051 224 2119 vini
235 2049 555 2119 communicatione
569 2048 775 2142 obsignatur
783 2050 897 2142 gratia
911 2047 1064 2143 Spiritus
1078 2051 1200 2133 sancti,

151 2167 327 2258 veniaque
337 2173 573 2259 peecatorum,
586 2165 630 2235 ad
644 2188 748 2257 quam
763 2188 865 2236 exeo
879 2167 1099 2258 perveniunt,
1107 2167 1201 2259 quod

149 2284 224 2354 lide
241 2281 548 2376 comprehendunt
565 2291 610 2357 *et
634 2282 833 2375 percipiunt
852 2282 983 2352 Christi
1007 2305 1208 2354 sacrosanc-

151 2409 231 2470 tum
267 2420 392 2492 corpus
430 2395 617 2489 respectu⁴
651 2409 779 2469 nostra
824 2397 948 2469 salutis
982 2400 1026 2469 ad
1061 2422 1202 2471 crucem

150 2515 279 2598 fixum,
296 2522 334 2584 et
358 2537 520 2584 errrorem
546 2537 609 2607 pro
634 2512 800 2585 tollendis
823 2514 940 2583 fusum
968 2515 1097 2584 nostris
1122 2538 1203 2608 peo-

152 2633 252 2713 oatis‚
266 2640 307 2701 ut
325 2629 394 2700 Dei
412 2631 582 2722 promissa
599 2629 712 2722 palam
733 2630 807 2723 ipsa
824 2630 1026 2722 loquuntur.
1063 2629 1203 2702 Deinde

153 2749 263 2819 etiam
276 2746 332 2816 his
348 2744 543 2816 illustribus
559 2745 677 2839 signis,
690 2769 768 2837 quae
784 2768 901 2817 coram
918 2747 1012 2816 cerui
1026 2745 1203 2839 possunt⁵‚

152 2863 388 2947 instruuntur,
415 2869 453 2931 et
486 2862 530 2933 ad
566 2862 807 2934 confitendum
843 2862 1078 2946 adducuntur,
1107 2864 1202 2956 quod

155 2978 318 3049 Christus
343 2977 422 3049 illos
446 2978 613 3058 enutriat,
631 2988 669 3048 et
694 2978 824 3049 inillis
850 2987 1052 3063 remaneat3
1078 2989 1116 3050 et
1137 2980 1203 3071 ipsi

145 3096 307 3166 ¹uicissim
331 3096 369 3164 in
392 3093 534 3164 Christo
560 3094 678 3166 collati
705 3092 806 3167 sinti
860 3095 1039 3168 Praeterea
1064 3097 1206 3167 discunt

154 3233 330 3281 summam
365 3211 495 3282 debere
528 3233 604 3282 esse
638 3235 737 3283 suam
772 3236 853 3284 cum
885 3214 1012 3284 ceteris
1041 3212 1205 3284 fidelibus

155 3328 237 3397 viris
271 3327 431 3398 omnium
466 3325 661 3398 officiorum
692 3329 1000 3420 conjunctionem
1038 3330 1205 3422 quoniam

155 3451 279 3513 omnes
312 3443 473 3514 membra
515 3454 599 3514 sunt
631 3445 677 3514 ad
712 3468 824 3515 unum
858 3455 896 3516 et
935 3447 1030 3517 idem
1073 3444 1203 3516 Christi

155 3581 282 3652 corpus
308 3558 539 3653 agglutinata.
591 3560 683 3631 Com
701 3571 822 3632 autern
840 3563 885 3633 ad
903 3562 978 3633 haeo
996 3562 1115 3633 omnia
1139 3585 1205 3633 neo

158 3674 533 3747 transubstantiatione
562 3697 650 3767 opus
676 3676 732 3760 sit,
759 3701 824 3748 neo
854 3677 1047 3771 illaquam
1075 3679 1206 3772 fingere

157 3790 320 3862 solebant
337 3788 421 3861 reali
439 3791 625 3883 praesentia
641 3789 814 3884 corporis⁷
831 3792 974 3875 Christi,
992 3794 1053 3865 sed
1071 3790 1207 3886 potius8

157 3906 232 3978 haeo
249 3907 387 3978 curiosa
408 3905 593 3976 hominum
616 3908 762 3978 inventa
784 3909 937 4002 primum
957 3920 1080 3981 contra
1105 3918 1208 3980 natu-

201 4098 209 4137 ¹
226 4093 453 4151 commendatur.
658 4093 671 4133 ²
685 4095 774 4154 iatius.
952 4099 1100 4156 lmersum
1114 4117 1166 4154 om.

199 4190 213 4233 ⁴
229 4199 401 4266 respectum.
652 4189 666 4234 ⁵
681 4193 801 4268 possint.
1062 4189 1165 4248 6tunt.

201 4287 215 4334 7
229 4288 357 4364 corporis
371 4307 424 4345 cnr.
600 4286 679 4348 8sed
694 4292 805 4366 quidem
821 4301 881 4368 pot.
