2692 4800
149 264 238 322 xxxvi
457 263 618 321 TABULA
637 262 888 322 TITULORUM.

169 434 198 499 5.
221 422 316 487 AEtas,
330 430 453 496 tempus,
469 428 498 478 et
510 421 591 479 locus
605 421 777 480 matrimonii
791 439 854 497 quse
868 421 926 478 sint
944 463 1093 478 ........
1114 438 1142 495 p.
1156 437 1192 493 4ι

170 519 197 576 6.
218 519 262 576 De
276 517 460 593 prohibendis
474 518 581 594 nuptiis
608 557 1125 579 ..........................
1156 532 1194 588 4ι

171 629 196 691 7.
220 616 292 686 Quae
306 616 517 673 matrimonium
531 616 687 692 impediant
691 654 1127 675 ......................
1156 608 1195 667 ib.

170 713 197 770 s.
219 713 291 783 Quae
305 713 485 771 difficultates
498 732 555 770 non
570 713 727 790 impediant
739 711 953 771 matrimonium
974 752 1125 769 ........
1155 725 1193 782 43

168 829 197 886 9.
220 809 361 868 Omnibus
374 811 597 887 permittendum
610 829 673 869 esse
687 809 899 869 matrimonium
933 850 1125 866 ..........
1155 804 1194 862 ib.

150 926 197 966 ιο.
221 908 650 985 Polygamiamessevitundam
689 948 1124 967 ......................
1155 919 1196 975 44

33 1036 37 1041 -
150 1020 196 1059 11.
218 1003 337 1078 Propter
350 1003 548 1061 contentiones
561 1011 591 1061 et
604 1003 681 1060 rixas
694 1022 753 1061 non
767 1002 829 1061 tolli
843 999 1125 1060 matrimonium...
1158 998 1194 1056 ib.

150 1117 195 1158 rs.
217 1100 404 1159 Matrimonia
417 1101 445 1157 vi
458 1109 488 1159 et
501 1109 580 1160 metu
593 1109 740 1160 consumta
753 1121 812 1159 uon
825 1101 922 1159 valent
932 1142 1121 1158 ..........
1155 1109 1194 1172 45

149 1215 196 1272 13·
220 1199 261 1256 Ut
274 1207 380 1257 matres
393 1200 514 1274 propriis
529 1200 662 1257 uberibus
675 1199 797 1258 uiantes
811 1199 889 1258 nant
894 1241 1125 1258 ,,,,,,,,,,,,
1154 1194 1195 1253 ib.

242 1452 295 1507 DE
314 1451 511 1508 GRADIBUS
531 1452 572 1508 IN
592 1450 847 1507 MATRIMONIO
866 1449 1101 1508 montanus.

170 1590 195 1630 ι.
219 1574 297 1631 luter
318 1593 454 1650 personas
475 1594 533 1632 non
553 1573 696 1649 legitimas
717 1591 776 1630 uon
796 1572 900 1631 debere
920 1572 1135 1631 matrimonium

247 1689 309 1728 esse
322 1715 1124 1732 ........................................
1155 1671 1198 1743 46

167 1785 194 1824 a.
217 1767 461 1844 consanguinitas
474 1777 505 1826 et
518 1769 640 1826 affinitas
654 1768 722 1843 qnid
736 1769 793 1825 sint
813 1813 1126 1828 ................
1156 1768 1197 1827 ib.

165 1883 195 1938 3.
219 1865 357 1924 Divinum
368 1867 416 1941 jus
430 1867 460 1924 in
473 1867 655 1925 matrimonio
669 1866 846 1942 prohibendo
860 1865 942 1941 quale
956 1865 993 1923 sit
1014 1911 1124 1926 ......
1154 1883 1194 1943 47

165 1985 195 2038 4.
218 1963 337 2041 Regula
352 1965 535 2023 observanda
549 1965 579 2021 in
589 1965 655 2039 jure
669 1963 797 2020 levitico
811 2008 1121 2025 ...............
1155 1965 1195 2023 ib.

167 2080 195 2138 5.
218 2061 406 2121 Enumeratio
419 2081 605 2139 personarum
619 2061 649 2118 in
663 2060 1038 2137 levium-prohibitarum..
1056 2107 1082 2123 ..
1098 2108 1124 2122 ..
1155 2062 1197 2138 48

167 2161 196 2218 6.
220 2160 292 2230 Quae
307 2161 512 2219 consideranda
526 2159 626 2217 sintin
641 2160 787 2236 superiore
800 2159 932 2237 catalogo
974 2206 1124 2221 ........
1154 2161 1196 2220 ib.

167 2270 192 2331 7.
214 2256 358 2333 cognatio
371 2256 524 2333 spiritualis
537 2276 596 2314 uon
611 2256 731 2331 impedit
745 2258 858 2332 nuptias
893 2303 918 2317 ..
934 2304 959 2317 ..
975 2304 1000 2317 ..
1016 2304 1041 2318 ..
1057 2305 1082 2319 ..
1098 2305 1124 2320 ..
1155 2278 1200 2336 49

369 2511 421 2566 DE
439 2510 674 2568 annotamus
693 2512 741 2567 ET
759 2511 967 2568 DIVOR'I'IIS.

169 2656 194 2695 ι.
218 2637 366 2695 Adulteria
380 2654 477 2694 severe
492 2636 634 2714 punienda
647 2654 709 2692 esse
727 2681 1121 2698 ....................
1151 2658 1196 2718 49

168 2753 193 2794 a.
214 2735 342 2793 Ministri
357 2735 392 2792 de
405 2733 545 2791 adulterio
559 2733 681 2790 convicti
695 2733 839 2808 quomodo
853 2733 989 2811 puniendi
1002 2743 1084 2795 aunt.
1096 2781 1123 2796 ..
1154 2751 1197 2813 50

165 2853 193 2909 3.
215 2834 317 2892 mens
331 2831 475 2909 quomodo
488 2831 647 2907 puniendus
649 2872 1124 2891 ........................
1156 2834 1196 2892 ib.

164 2948 192 3002 4.
215 2930 329 2987 Uxores
337 2929 397 2986 sive
405 2929 600 2986 ministrorum
608 2928 668 2985 sive
676 2928 813 2986 laicorum
822 2930 965 3004 quomodo
974 2931 1135 3006 puniendae.
1154 2932 1196 2991 ib.

165 3041 194 3103 5.
216 3025 335 3101 Integra
347 3043 471 3102 persona
484 3026 588 3083 transit
602 3025 638 3082 ad
652 3043 741 3082 novas
755 3026 868 3102 nuptias
891 3071 1123 3086 ............
1155 3039 1193 3104 51

164 3124 194 3182 6.
217 3123 488 3183 Reconciliationem
502 3141 565 3181 esse
579 3124 734 3199 optandam
769 3169 1124 3184 ..................
1154 3125 1197 3183 rb.

166 3240 193 3296 7.
216 3223 312 3280 Nemo
326 3223 480 3298 conjugem
493 3221 631 3279 arbitratu
646 3240 698 3279 sno
712 3230 808 3298 potest
820 3222 979 3298 relinquere
1015 3268 1059 3282 ...
1073 3269 1079 3281 .
1096 3267 1124 3283 ..
1153 3224 1197 3282 ib.

166 3322 193 3378 8.
215 3320 376 3378 Divertium
389 3327 507 3396 propter
518 3320 660 3378 desertum
675 3321 888 3378 matrimonium
892 3367 1123 3382 ............
1155 3336 1196 3400 52

164 3438 192 3498 9.
214 3419 379 3477 Divortium
393 3426 511 3494 propter
522 3419 606 3476 nimis
619 3418 737 3496 longam
751 3420 881 3497 conjugis
895 3420 1082 3480 absentiam..
1097 3466 1124 3481 ..
1156 3438 1196 3498 53

149 3535 195 3574 ro.
218 3514 378 3573 Inimicitiae
392 3515 527 3590 capitales
541 3515 694 3573 divortium
707 3517 846 3575 inducunt
852 3563 1121 3578 ..............
1155 3530 1199 3595 54

148 3631 194 3670 ιι.
218 3611 305 3669 Malu
319 3611 497 3670 mentonis
511 3611 619 3670 crimen
633 3612 749 3671 tandem
764 3613 916 3672 divortium
931 3614 1039 3672 inducit
1056 3661 1083 3674 ..
1097 3660 1124 3674 ..
1154 3614 1197 3674 ib.

149 3727 195 3768 rs.
218 3709 315 3766 Parvoe
331 3709 538 3776 contentiones,
549 3709 604 3767 nisi
616 3719 759 3785 perpetuae
772 3711 839 3777 sint,
851 3711 1003 3771 divortium
1017 3731 1075 3771 non
1090 3714 1133 3770 io·

247 3804 355 3860 ducunt
363 3848 1124 3870 ......................................
1156 3824 1197 3888 55

149 3920 193 3976 13.
216 3902 372 3977 Perpetuus
386 3901 503 3958 morbus
516 3920 575 3971 pon
589 3902 664 3961 tollit
677 3905 890 3965 matrimonium
895 3953 1127 3969 ............
1157 3908 1202 3968 ib.-

150 4017 196 4071 ¹4·
218 4000 346 4057 Durante
360 3999 410 4057 lite
424 4000 568 4074 quomodo
582 4019 631 4058 rea
643 4020 766 4077 persona
780 4005 984 4063 sustentabitur
1016 4051 1121 4065 ......
1155 4007 1198 4065 ib.

149 4114 193 4174 15·
215 4098 303 4156 Poena
316 4098 395 4156 ialsae
408 4098 596 4156 accusationis
607 4145 1124 4163 ..........................
1156 4106 1200 4180 56

149 4197 194 4254 16.
215 4196 315 4254 Mariti
328 4215 414 4272 poena
427 4196 572 4254 suadentis
586 4198 669 4254 uxori
681 4199 850 4257 adulterium
854 4243 1124 4262 ..............
1156 4218 1197 4279 57

151 4310 195 4369 17.
219 4295 290 4364 Quae
299 4314 383 4370 poena
394 4294 431 4352 sit
442 4313 506 4351 cum
521 4314 572 4369 par
587 4295 756 4354 adulterium
771 4306 816 4355 est
830 4298 859 4354 in
872 4307 990 4374 utroque
1001 4300 1133 4377 conjuge
1155 4299 1197 4359 ib.
