2640 4806
200 242 268 306 128
606 257 654 307 on
671 256 828 308 nnclrns.
1243 260 1310 312 or:

196 426 332 520 vilegia,
349 447 412 496 scu
438 425 745 518 praescriptionem,
764 434 802 495 et
816 426 916 517 justa
939 432 1046 518 pncts
1060 449 1084 496 a
1101 425 1246 497 decimis

194 542 305 612 libera
322 550 360 610 et
377 541 548 611 immunia
564 540 707 624 fuerint,
724 542 830 611 modo
849 564 892 613 ea
907 542 954 612 de
971 564 1011 612 re
1028 541 1118 613 fides
1135 541 1246 613 cocle-

194 658 334 729 siastioo
344 658 459 749 judici
476 658 660 728 evidenter
675 656 748 728 fiat.

335 870 413 955 Gap.
428 889 477 936 12.
502 868 689 933 Ooowtodo
703 871 952 953 compensationis
965 870 1107 936 tenendo

247 1007 385 1091 Quibus
412 1005 468 1078 in²
493 1007 578 1078 locis
603 1010 821 1079 consuetudo
846 1009 916 1079 fuit
941 1018 984 1080 ut
1008 1033 1075 1103 pro
1100 1009 1241 1081 decimis

195 1125 273 1196 aliae
302 1148 358 1196 res
388 1123 744 1206 subministrarentur,
773 1126 922 1196 eandem
952 1125 1102 1219 posthac
1135 1128 1240 1197 teucri

196 1242 324 1335 placet,
342 1242 370 1312 si
388 1240 522 1333 equalis
538 1263 602 1333 pro
620 1242 765 1312 decimis
782 1243 1024 1335 compensatio
1042 1243 1118 1313 fiat.

221 1453 300 1539 (inp.
317 1473 364 1538 ¹3·
388 1453 524 1518 Docimo
531 1453 700 1538 proediolcs
718 1460 747 1518 ct
758 1452 930 1539 pcrsooclcs
942 1452 1052 1539 quibos
1066 1453 1222 1518 mloocdc.

247 1590 405 1660 Decimae
429 1590 650 1682 proediomm,
676 1591 744 1661 hoc
769 1600 834 1674 est,
852 1614 933 1683 quae
958 1592 1099 1661 ratione
1125 1589 1241 1682 praedi-

196 1728 297 1779 orum
338 1715 401 1776 out
442 1706 630 1777 fundorum
666 1706 849 1788 debentur,
883 1707 920 1776 in
959 1704 1039 1777 illas
1079 1706 1242 1798 paroecius

196 1823 460 1917 immigrabunt‚
491 1822 527 1891 in
556 1845 705 1914 quarum
739 1822 868 1893 finibus
897 1822 1030 1914 praedia
1059 1821 1117 1892 vol
1148 1821 1242 1892 fundi

197 1939 429 2012 constiterint.
493 1937 654 2009 Decimae
690 1960 773 2008 vero
805 1958 1042 2031 personarum,
1078 1936 1149 2009 boc
1182 1946 1242 2021 ost,

197 2079 274 2148 quse
299 2076 526 2148 personarum
549 2056 686 2125 ratione
708 2054 798 2124 sumi
823 2053 964 2135 debent,
983 2062 1021 2124 et
1047 2053 1243 2125 oblationes

198 2195 332 2254 omnes,
366 2173 402 2241 in
437 2171 514 2242 illas
547 2171 714 2264 paroecias
747 2170 1009 2252 commeabunt,
1044 2172 1083 2241 in
1118 2171 1243 2263 quibus

197 2310 356 2380 personae
387 2289 541 2359 decimas
570 2288 792 2358 conferentes
821 2285 1032 2369 inhabitant,
1061 2295 1100 2358 et
1129 2308 1244 2357 rerum

198 2403 395 2474 divinorum
421 2411 459 2473 et
488 2411 786 2474 sacramentorum
817 2402 1005 2494 participes
1030 2401 1147 2485 fiunt3
1181 2401 1244 2472 nisi

198 2520 255 2590 vel
277 2521 471 2614 privilegio,
490 2520 546 2590 vel
567 2520 663 2613 longi
681 2520 850 2610 temporis
867 2518 1123 2589 consuetudine
1147 2539 1245 2590 secus

198 2638 421 2707 observatum
446 2637 563 2707 fuerit.
615 2637 707 2707 Cum
728 2645 848 2706 autem
871 2636 916 2705 de
938 2635 1150 2728 praediorum
1171 2636 1245 2706 fini·

199 2755 264 2824 bus
290 2754 492 2848 ambigitur,
517 2778 598 2846 quae
625 2755 668 2823 ad
697 2752 884 2846 paroeciam
910 2754 1049 2845 proprie
1074 2760 1244 2846 spectent,

198 2871 382 2963 episcopus
404 2870 448 2939 ad
475 2868 573 2939 illam
602 2868 785 2939 ecclesiam
812 2867 947 2938 fructus
974 2876 1161 2939 convertat
1188 2868 1246 2938 de·

198 2987 380 3067 cimorum,
414 2986 458 3056 ad
497 3008 603 3079 quam
641 2987 808 3078 aequitate
846 2985 958 3055 credit
997 3006 1056 3056 eas
1095 2993 1134 3056 ot
1166 2986 1183 3077 j

199 3105 385 3195 pertinere.

279 3316 355 3401 Cap.
376 3337 425 3395 14.
457 3316 621 3382 Sobocndos
645 3336 709 3380 ocae
734 3316 865 3380 decimos
883 3313 1059 3399 pmsooolcs
1073 3314 1171 3398 piccio

476 3419 715 3484 maeoditem
735 3417 820 3484 orbo
834 3416 967 3483 Loandos.

251 3558 423 3654 Magnam
447 3561 696 3654 indignitatem
720 3558 828 3629 habet
851 3581 873 3628 a
897 3558 1065 3628 tenuibus
1090 3567 1129 3628 et
1154 3557 1248 3629 labo·

200 3676 298 3745 riosis
318 3675 477 3769 agricolis
500 3676 654 3746 decimas
678 3697 811 3745 annuns
833 3672 1060 3744 ecclesiamm
1078 3674 1248 3744 ministris

199 3793 426 3883 suppeditari,
453 3802 664 3862 mercatores
690 3800 810 3860 autem
839 3790 964 3883 opibus
989 3788 1187 3872 affluentes,
1213 3796 1249 3859 et

202 3908 292 3978 viros
318 3909 542 3979 scientiarum
567 3918 604 3976 et
627 3907 854 3977 artificiorum
881 3907 992 3997 copiis
1016 3905 1246 3984 abundantes,

201 4021 289 4093 nihil
323 4023 433 4092 fenne
467 4025 511 4093 ad
542 4023 782 4092 ministromm
817 4022 1046 4091 necessitates
1080 4019 1248 4100 conferre,

201 4141 395 4231 praesertim
428 4162 509 4209 cum
534 4139 604 4209 illis
629 4140 869 4209 ministrorum
897 4123 1012 4208 officio
1037 4159 1109 4207 non
1136 4139 1249 4208 minus

661 4274 669 4318 ¹
688 4277 716 4332 in
732 4296 782 4333 om,
