2692 4800
135 260 200 321 328
523 258 789 322 APPENDIX

180 440 226 478 11.
245 421 291 478 28.
314 421 446 478 collocari
474 420 541 478 MS.
556 422 716 497 ponderari,
731 422 789 479 and
808 422 878 480 then
892 441 989 480 comes
1006 423 1055 480 the
1074 424 1184 481 follow-

135 521 195 595 ing,
211 519 306 576 which
326 537 418 576 seems
438 527 469 576 to
490 519 562 576 have
583 520 656 576 been
676 520 817 578 excluded
836 521 875 597 by
895 520 960 596 abp.
975 521 1103 579 Parlrer:
1134 523 1185 579 sed

133 617 256 674 existere
274 616 351 673 illam
373 636 409 673 ex
430 617 490 673 sola
510 618 575 683 fide,
597 637 681 692 quam
703 619 841 677 habemus
861 620 891 676 in
908 620 979 676 Jesu
994 619 1113 677 Christo
1132 620 1181 677 de·

134 716 231 771 fixam.
284 714 319 771 ld
340 723 436 772 tamen
457 734 569 790 semper
589 716 619 772 in
640 717 771 773 omnibus
792 717 927 791 consequi
948 716 1044 782 debet,
1066 725 1099 774 ut
1120 737 1185 774 cum

135 814 191 870 fide
208 813 280 888 justi
302 821 369 868 sunt
391 811 458 869 facti
480 814 563 870 bonis
587 813 616 869 in
638 814 770 888 operibus
791 833 822 871 se
841 815 991 884 collocent,
1011 835 1075 891 quae
1097 816 1186 874 Sacra

135 910 284 985 Scriptura
306 909 426 984 flagitat,
444 909 523 984 quasi
545 909 654 966 fructus
676 911 851 967 necessarios
875 930 911 967 ex
933 931 1002 969 vera
1023 922 1053 969 et
1076 913 1186 970 siccem

134 1009 190 1065 fide
204 1007 358 1083 profectos.

175 1138 216 1149 -—
232 1123 277 1182 29.
298 1104 472 1180 perfectione
485 1105 596 1162 instead
611 1104 644 1161 of
655 1105 817 1162 innocentia
830 1105 880 1162 Cr.

178 1221 224 1268 12,
243 1221 290 1276 14.
313 1203 395 1259 unde.
411 1250 415 1259 .
433 1250 456 1259 ..
471 1203 581 1277 possint
595 1203 686 1260 added
701 1203 739 1278 by
756 1203 805 1260 Cr.

174 1331 215 1341 —
235 1298 279 1356 16.
301 1299 363 1356 title
378 1299 485 1355 altered
499 1300 537 1375 by
552 1300 601 1356 Cr.
617 1300 691 1356 from
706 1300 750 1357 De
769 1308 845 1357 statu
860 1300 1083 1375 justificatorum
1102 1311 1132 1359 et
1150 1303 1185 1359 de

134 1397 247 1454 mortali
261 1405 388 1471 peccato.

173 1525 215 1537 -
234 1512 278 1568 ¹9·
300 1493 384 1549 After
397 1492 465 1549 facti
480 1502 546 1550 aunt
559 1494 608 1551 the
623 1494 716 1550 words
734 1494 800 1552 licet
814 1495 843 1551 in
858 1495 912 1551 hoc
928 1497 1025 1553 seculo
1040 1505 1186 1553 versentur

133 1600 229 1648 tamen
244 1591 344 1648 erased
357 1590 396 1665 hy
411 1591 459 1647 Cr.

174 1721 215 1732 -
231 1688 279 1746 26.
302 1697 331 1746 et
348 1687 456 1745 remitti
470 1706 528 1743 non
542 1706 625 1762 posse
640 1688 732 1745 added
745 1689 783 1764 hy
798 1689 849 1746 Cr.

173 1820 215 1830 -
229 1806 291 1863 cap.
306 1806 353 1844 10.
384 1787 418 1844 In
442 1787 492 1843 the
516 1786 629 1861 margin
653 1787 678 1843 is
700 1787 750 1843 the
772 1786 918 1862 following
941 1797 1009 1844 note
1031 1789 1060 1845 iu
1083 1790 1185 1847 Foxe's

133 1887 229 1943 hand:
254 1886 319 1943 Hoc
333 1894 418 1960 caput
431 1886 460 1940 in
470 1884 542 1941 Cod.
554 1884 589 1940 D.
602 1883 675 1941 Mat.
686 1886 771 1941 Cant.
785 1885 907 1942 habetur
920 1903 973 1959 pro
991 1904 1027 1941 ιο
1042 1886 1072 1942 in
1087 1887 1183 1944 codice

133 1983 189 2039 isto
221 1981 341 2039 refertur
373 1982 409 2038 ad
436 1982 621 2056 appendicem
650 2000 711 2055 cap.
732 1999 776 2056 19·
802 1980 916 2054 fol.14.
968 1981 1084 2038 Similar
1105 1993 1186 2041 notes

132 2098 237 2155 appear
262 2079 290 2135 in
315 2078 397 2135 other
422 2078 525 2152 places,
552 2079 646 2135 where
670 2078 719 2135 the
742 2079 826 2135 order
850 2080 882 2136 of
908 2080 957 2136 the
982 2080 1108 2137 sections
1129 2101 1185 2137 was

136 2176 254 2234 altered.

174 2305 215 2315 —
228 2273 248 2328 l.
264 2290 313 2345 32.
336 2273 419 2346 plene
434 2273 553 2329 omitted
568 2272 636 2330 MS.

180 2388 226 2442 13,
246 2388 271 2426 1.
294 2370 324 2425 in
339 2370 467 2444 quibus..
485 2370 728 2445 ..procurandam
743 2370 835 2427 added
848 2371 886 2446 by
901 2371 951 2428 Cr.

175 2500 215 2512 -
231 2469 258 2524 8.
281 2468 371 2524 latum
399 2467 468 2526 MS.
483 2468 661 2525 licentiosum

174 2600 214 2608 -
234 2583 277 2621 10.
301 2566 365 2632 Qua
380 2567 407 2621 in
424 2585 465 2623 re.
478 2610 485 2624 .
500 2566 690 2623 ..devolvunt
705 2567 797 2623 added
811 2567 849 2642 by
864 2567 913 2623 Cr.

175 2697 215 2708 -
230 2683 291 2737 cap.
308 2683 351 2720 ιι.
373 2663 434 2720 title
457 2663 564 2720 altered
585 2664 622 2738 by
638 2664 685 2720 Cr.
702 2664 775 2720 from
797 2666 840 2721 De
862 2664 981 2721 naturali
1003 2665 1125 2728 lumine;
1152 2666 1186 2719 de

135 2764 225 2837 poenis
239 2762 417 2835 temporariis
433 2762 639 2817 damnatorum.

176 2895 217 2902 —
235 2879 279 2934 25.
303 2859 446 2915 enitantur
475 2858 541 2914 MS.
557 2858 720 2914 annituntur

183 2979 225 3030 14,
257 2977 280 3013 1.
313 2957 430 3012 definito
467 3003 489 3012 ..
508 3004 530 3011 ..
565 2957 669 3012 luerint
695 2956 743 3012 Cr.
770 2958 880 3014 instead
906 2957 937 3013 of
959 2976 994 3014 ex
1021 2959 1186 3032 praescripto

136 3055 237 3112 divinae
262 3054 446 3129 providentias
472 3054 668 3127 magnitudine
692 3073 838 3127 poenarum
860 3063 976 3129 propter
995 3067 1112 3129 peccata
1133 3056 1184 3112 sibi

136 3154 331 3227 impositamm
347 3152 400 3208 Dei
411 3150 529 3225 justitiae
545 3151 742 3207 satisfecerint.

177 3283 218 3293 —
236 3269 280 3305 12.
303 3250 422 3305 extremi
450 3248 518 3304 MS.
535 3249 672 3322 postremi

176 3380 216 3388 —
233 3365 279 3419 23.
302 3365 353 3402 nec
368 3348 429 3419 ejus
444 3394 446 3400 .
462 3393 466 3400 .
485 3395 488 3400 .
504 3394 507 3401 .
524 3346 656 3401 dormivit
671 3346 762 3402 added
776 3347 813 3420 by
829 3348 877 3402 Cr.

176 3476 216 3485 -
234 3462 281 3515 24.
304 3452 368 3517 post
383 3453 504 3499 mortem
520 3442 639 3497 vivimus
654 3443 745 3499 added
761 3443 797 3516 by
813 3443 860 3499 Cr.

177 3573 217 3581 —
232 3560 292 3615 cap.
308 3559 352 3611 13.
377 3541 442 3597 MS.
457 3541 486 3595 in
502 3541 563 3596 title
578 3540 710 3596 tollendis
725 3540 823 3596 erased
838 3540 876 3615 by
891 3540 939 3595 Cr.

181 3657 226 3713 15,
242 3638 259 3693 l.
272 3639 299 3694 6.
322 3638 389 3694 MS.
413 3638 483 3694 adds
506 3638 581 3693 what
603 3637 730 3693 follows:
762 3637 854 3711 igitur
874 3638 903 3692 in
924 3646 1022 3694 nostra
1043 3637 1186 3711 republica

135 3735 254 3810 legitimi
271 3736 455 3810 magistratus
470 3735 563 3790 omnis
577 3736 690 3809 generis
705 3736 911 3809 permanebunt
924 3744 953 3791 et
968 3755 1032 3791 curn
1047 3737 1186 3791 humanas

136 3841 196 3888 tum
212 3832 349 3906 imprimis
364 3832 473 3887 divinas
487 3832 566 3906 leges
581 3833 661 3888 firme
676 3842 705 3889 et
720 3833 852 3889 inviolate
867 3833 972 3889 servari
987 3833 1136 3889 curabunt.

177 3964 216 3972 —
234 3949 279 3986 12.
303 3931 397 3986 divina
412 3930 559 4004 Scriptura
574 3932 681 3987 altered
695 3932 732 4006 by
748 3932 797 3988 Cr.
812 3931 886 3988 from
900 3932 965 4007 lege
980 3933 1042 3988 Dei.

178 4060 217 4071 —
236 4046 280 4102 19.
303 4029 360 4084 imo
376 4037 404 4083 ct
420 4046 540 4083 uxorum
556 4029 648 4083 added
663 4028 700 4102 by
716 4030 763 4084 Cr.

177 4159 212 4166 —
231 4143 355 4200 cap.15.
379 4125 423 4181 tit.
445 4124 658 4199 participatione
680 4125 827 4180 dominicae
847 4142 934 4179 coenae
957 4125 1004 4180 Cr.
1024 4125 1135 4180 instead
1158 4125 1190 4179 of

138 4223 336 4279 communione
351 4231 601 4278 sacramentorum.

184 4320 228 4383 16,
242 4320 260 4375 l.
277 4338 302 4376 2.
325 4320 444 4376 detineri
473 4318 540 4375 MS.
557 4318 683 4374 distineri
