2692 4800
147 268 195 332 40
512 282 560 331 nu
585 279 828 331 usruruonro.

144 434 239 508 Huic
255 446 377 508 autem
395 435 554 506 formula
573 444 708 506 tantam
726 434 979 506 authoritatem
1000 432 1138 520 damus,
1152 416 1190 505 ut

144 555 311 647 quicquid
324 562 541 646 praeteream
556 552 692 620 dictum
705 561 893 644 gestumve
906 551 1025 631 fuerit,
1039 573 1192 643 quacun·

145 692 215 761 que
232 671 368 739 ratione
390 668 654 741 matrimonium
674 668 711 736 in
729 690 772 737 eo
790 663 877 736 non¹
898 669 1010 759 possit
1027 667 1190 748 existere,

145 788 206 858 sed
225 788 343 857 onmia
366 785 568 877 hujusmodi
589 786 860 878 praeparationes
882 784 963 867 sint,
980 792 1044 854 aut
1067 782 1192 877 praelu·

145 905 260 974 aiones
283 903 446 993 quaedam
471 900 514 970 ad
544 900 818 980 matrimonium,
837 921 907 967 nou
930 908 1053 969 autem
1079 899 1191 992 ipsum

145 1019 408 1090 matrimonium
428 1018 462 1085 in
481 1015 550 1086 illis
567 1017 669 1086 inest.
713 1014 841 1107 Itaque
859 1015 977 1085 liberae
994 1013 1192 1109 solutaeque

145 1135 247 1207 sunt²
270 1146 432 1227 utraeque
456 1156 625 1227 personae,
644 1156 709 1202 nec
733 1132 846 1203 altera
869 1140 987 1224 potest
1012 1131 1058 1203 ab
1085 1131 1193 1204 altera

145 1254 360 1325 matrimonii
377 1253 437 1343 jus
455 1250 568 1320 ulium
588 1249 773 1342 postulare,
793 1248 905 1319 ‹lonec
930 1249 1093 1319 adhibito
1111 1249 1193 1344 legi-

145 1370 234 1440 timo
259 1369 537 1440 ceremoniarum
565 1376 734 1460 apparatu
760 1375 921 1437 mutuam
945 1365 1053 1436 iidem
1077 1389 1192 1437 oorarn

147 1487 306 1557 Ecclesia
323 1487 428 1556 certis
448 1485 562 1554 verbis
579 1484 741 1554 dederint
759 1493 796 1553 et
813 1484 1026 1575 acceperint.

243 1740 321 1823 (lap.
337 1758 366 1823 3.
393 1741 588 1824 Corruptores
604 1739 767 1804 rnulierum
782 1739 925 1825 quoroodo
933 1739 1099 1824 putabam.

199 1879 277 1948 Nec
296 1887 415 1949 tamen
436 1878 575 1949 illorum
596 1880 689 1950 foeda
708 1879 816 1950 libido
833 1880 928 1973 gravi
951 1902 1056 1972 poena
1079 1902 1196 1950 carere

149 1996 266 2076 debet,
285 1998 343 2087 qui
368 1995 629 2089 simplicitatem
652 1996 849 2088 puellarum
867 2005 905 2065 et
928 1995 1119 2066 mulierum
1144 1996 1196 2063 in-

148 2114 348 2184 nocentiam
368 2113 660 2194 circumveniunt,
678 2120 715 2182 et
735 2111 875 2182 illamm
896 2113 1099 2183 castitatem
1120 2134 1196 2204 pro-

148 2230 322 2300 missiset
347 2229 525 2300 blanditiis
549 2226 742 2312 obsident3,
762 2229 875 2300 donec
899 2230 1101 2321 turpissime
1123 2251 1198 2298 cor-

150 2346 293 2437 poribus
310 2370 428 2416 earum
450 2347 592 2416 tandem
611 2345 774 2415 illudant.
811 2346 999 2415 Nemeum
1020 2345 1197 2437 pudicitia·

150 2463 354 2534 thesaumm
369 2463 437 2532 illis
451 2461 670 2545 detrahant⁴,
686 2463 849 2532 omnibus
868 2461 1009 2553 reliquis
1022 2463 1150 2554 opibus
1162 2471 1198 2533 et

151 2583 260 2674 copiis
274 2583 526 2674 pretiosiorem,
538 2583 572 2651 in
586 2580 801 2674 graviorenr⁵
813 2579 891 2651 ilicis
904 2603 1044 2672 aequum
1058 2590 1115 2652 est
1128 2605 1198 2673 poe·

151 2720 231 2767 nam
255 2698 420 2779 incidere,
438 2722 543 2790 quani
563 2699 669 2780 furca,
687 2721 835 2790 quorum
862 2699 898 2767 in
916 2699 1020 2768 rebus
1043 2699 1198 2768 extemis

151 2823 276 2906 peccat
293 2815 510 2907 improbitas.
565 2815 620 2884 Ex
642 2812 818 2886 ecclesiis6
835 2818 944 2909 igitur
961 2814 1039 2885 illos
1058 2838 1200 2886 excom·

152 2933 400 3002 niunicationis
412 2932 483 3002 telo
497 2933 716 3025 praecipimus
730 2933 911 3002 exturbari
924 2956 932 3016 ;
952 2955 1017 3003 nec
1031 2930 1144 3005 ullum
1156 2932 1198 3002 ad

154 3072 212 3119 eas
233 3050 386 3118 reditum
406 3049 475 3118 illis
498 3072 583 3128 esse,
602 3050 665 3117 nisi
688 3048 796 3118 velint
817 3049 894 3120 illas
912 3072 1042 3119 uxores
1059 3049 1199 3125 ducere,

154 3166 281 3255 quibus
299 3165 537 3235 abutebantur
555 3168 648 3257 prius
669 3177 709 3236 ut
736 3167 868 3236 scortis.
922 3165 1061 3236 Verum
1083 3165 1152 3236 boc
1172 3165 1199 3235 si

154 3279 245 3349 forte
258 3280 332 3349 lieri
350 3303 419 3348 non
439 3290 566 3372 potest,
579 3282 718 3372 judices
734 3280 875 3350 illorum
890 3281 982 3351 bona
999 3291 1198 3375 agnoscent,

154 3405 192 3465 et
216 3419 260 3464 ex
285 3418 407 3466 eorum
426 3397 586 3490 diligenti
606 3398 886 3467 consideratione
904 3399 1045 3467 tertiam
1065 3408 1199 3490 partem

1206 278 1270 332 M-

155 3512 200 3582 ad
228 3512 394 3582 mulieres
420 3515 646 3592 sevocabunt‚
675 3538 753 3606 quae
780 3514 926 3584 libidine
952 3525 1035 3585 sunt
1060 3513 1270 3585 illommz-²

155 3629 359 3720 inquinatae.
412 3629 516 3714 Quod
556 3632 583 3700 si
620 3631 712 3701 bona
746 3630 972 3722 partitionem
1007 3630 1099 3702 hano
1132 3654 1199 3701 non

157 3744 281 3827 ferant,
301 3754 419 3815 tauron
439 3747 481 3816 ud
502 3746 634 3838 prolem
659 3749 730 3815 suis
748 3746 913 3837 impensis
936 3747 1199 3816 sustentandam

157 3862 427 3932 damnabuntur.
465 3863 512 3932 llt
528 3874 695 3954 praetcrca
710 3871 826 3933 tantas
845 3863 909 3931 sibi
926 3886 1045 3955 poenas
1062 3864 1200 3957 imposi-

157 3987 211 4049 tas
228 3977 420 4062 habebunt,
439 3989 587 4072 quantas
602 3981 716 4071 judex
736 3978 992 4050 ecclesiasticus
1016 3980 1060 4049 ad
1081 3977 1198 4050 Eccle-

201 4204 208 4242 ¹
225 4227 281 4263 non
298 4227 347 4263 ont.
480 4204 592 4268 ²libere
608 4210 754 4283 soluteque
770 4209 833 4265 sint.
971 4209 1162 4266 ³obsiderint.

239 4289 427 4347 ⁴tlctralmnt.
599 4290 610 4325 ⁵
625 4292 779 4366 grauiores,
952 4296 964 4334 ὅ
980 4290 1123 4348 Ecclesiae.
