2692 4800
215 283 289 358 290
601 297 651 348 on
677 296 879 348 snuraurra
1284 299 1336 374 ug

214 474 278 545 pro
288 453 371 544 jure
387 451 588 523 habendum
607 454 663 535 sit,
682 453 948 546 procedendum
964 449 1017 523 illi
1034 461 1092 524 eat
1107 453 1156 525 de
1171 453 1266 524 simi·

215 568 308 639 libus
336 568 382 639 ad
412 567 539 640 similia
562 569 654 661 jura,
685 570 809 651 donec,
832 577 1045 664 argumento
1069 569 1193 663 aliquo
1219 592 1264 641 ex

214 687 347 756 usitato
378 686 462 779 jure
496 688 616 771 ducto,
650 687 867 757 constituere
899 687 1023 780 possit,
1056 686 1145 780 quid
1183 708 1264 758 eum

215 802 315 894 sequi
340 803 378 872 in
403 802 668 895 pronunciando
694 810 866 895 oporteat.

416 1039 494 1126 Gap.
506 1061 537 1123 4.
560 1040 600 1105 si
612 1038 758 1126 umdipat,
765 1040 939 1126 fatendam
952 1048 998 1106 cst
1010 1059 1072 1106 m.

265 1179 404 1250 sivero
427 1203 543 1273 neque
565 1182 602 1252 id
626 1182 771 1274 quidem
794 1182 963 1275 consequi
987 1204 1052 1252 sua
1076 1179 1263 1275 investiga-

215 1296 312 1367 tione
330 1305 392 1367 aut
409 1294 475 1367 ex¹
497 1299 690 1391 peritomm
711 1298 971 1370 consultatione
987 1297 1113 1392 possit,
1131 1305 1212 1367 tum
1228 1297 1263 1367 in

215 1412 324 1484 dubio
334 1413 425 1505 juris
442 1415 561 1506 potius
577 1437 641 1508 pro
658 1437 720 1485 reo
736 1437 844 1508 quam
861 1437 924 1508 pro
938 1423 1058 1486 actore
1076 1413 1264 1507 pronunci-

214 1530 345 1599 andum
364 1538 430 1614 est,
447 1532 514 1602 nisi
532 1539 631 1602 actor
647 1532 767 1603 foveat
785 1554 926 1603 causam
944 1529 1238 1603 favorabiliorem.

511 1767 588 1852 (lap.
605 1784 636 1854 5.
663 1767 748 1850 Quid
759 1767 799 1833 sit
812 1768 969 1834 muntia.

252 1905 439 1979 Hactenus
456 1905 628 1977 traditum
646 1916 701 1977 est
718 1930 797 1999 quoe
814 1915 898 1978 sunt
909 1905 1023 1999 judici
1040 1905 1264 1977 consideran·

213 2025 270 2109 da,
288 2032 481 2115 antequam
497 2024 541 2094 ad
564 2024 746 2095 ferendam
772 2023 985 2095 senteutiam
1009 2023 1265 2118 progrediatur.

214 2139 454 2212 Statuendum
480 2161 575 2210 nunc
596 2150 651 2211 est
674 2140 720 2211 de
743 2141 820 2234 ipsa
844 2140 1032 2223 sententia,
1049 2149 1093 2210 ut
1114 2137 1267 2233 intelligi

213 2258 427 2351 possitquae
452 2256 698 2349 pronunciatio
722 2257 853 2350 judicis
879 2264 1060 2328 mereatur
1086 2255 1159 2326 dici
1188 2277 1268 2326 sen·

213 2373 338 2444 tentia.
390 2371 444 2443 Ea
463 2372 578 2442 solum
602 2373 848 2466 pronunciatio
863 2373 995 2465 judicis
1018 2381 1179 2444 meretur
1197 2371 1267 2443 dici

213 2489 401 2571 sententia,
421 2512 493 2581 qua
512 2489 592 2558 finis
618 2489 813 2582 imponitur
835 2489 1083 2561 controversia
1106 2487 1269 2582 legitima

214 2605 470 2697 disceptatione
488 2606 523 2674 in
535 2604 712 2696 judicium
731 2606 856 2675 ductae.

391 2842 468 2927 Cap.
483 2844 513 2905 6.
539 2842 689 2921 Quoruodo
702 2843 849 2906 sentenia
864 2849 940 2905 recta
946 2842 1088 2924 smatar.

265 2980 465 3051 Statuimus
491 2981 608 3073 igitur,
630 2990 671 3049 ut
697 2982 731 3049 in
754 2980 998 3051 observatione
1027 2979 1268 3053 solennitatis²

215 3097 306 3167 circa
327 3097 490 3167 ferendas
512 3098 714 3179 sententias,
733 3107 849 3188 partes
874 3097 918 3166 ad
937 3098 1151 3168 senteutiam
1168 3099 1269 3169 audi-

215 3214 343 3283 endam
371 3216 537 3283 citantur.
597 3212 744 3303 Alioqui
775 3210 870 3300 (cum
899 3213 1048 3283 maximi
1076 3213 1268 3305 praejudicii

214 3330 261 3398 sit
287 3329 477 3417 sententia)
496 3352 574 3399 eam
601 3329 759 3421 partibus
781 3352 850 3397 non
873 3329 991 3398 citatis
1008 3351 1072 3421 pro
1090 3327 1190 3398 nulla
1206 3327 1267 3398 ha·

215 3445 290 3514 beri
321 3444 494 3515 volumus.
559 3444 702 3514 Deinde
736 3447 937 3526 statuimus,
967 3453 1009 3514 ut
1039 3445 1267 3539 praesentibus

215 3561 385 3651 pertibus,
403 3560 460 3629 vel
487 3560 600 3630 altera
625 3561 884 3630 contumaciter
908 3560 1067 3646 absente,
1090 3561 1268 3630 sententia

214 3677 369 3768 ajudice
386 3699 450 3768 pro
472 3674 639 3744 tribunali
657 3674 713 3743 vel
731 3675 801 3745 alio
819 3675 897 3746 loeo
919 3674 1070 3746 honesto
1097 3673 1155 3745 et³
1182 3675 1267 3769 pub
1277 3692 1335 3762 137

215 3792 283 3864 lico
309 3794 455 3863 sedente
481 3790 749 3885 promulgetur3
788 3793 954 3884 quodque
981 3794 1160 3864 sententia
1187 3815 1267 3864 cou-

214 3919 320 4002 cepta
336 3932 382 3980 ex
402 3906 591 3988 breviculo
610 3908 647 3975 in
666 3930 736 3998 quo
757 3918 811 3977 cst
830 3908 1013 4001 descripta,
1032 3930 1096 4000 per
1106 3908 1265 4000 judicem

216 4034 279 4095 aut
302 4023 526 4095 tabellarium
549 4024 728 4103 recitetur,
741 4023 865 4113 judice
888 4023 981 4093 clare
1004 4030 1212 4107 attestante,
1229 4046 1263 4092 se

209 4142 315 4230 juxta
337 4142 485 4211 recitata
509 4162 553 4207 ex
576 4139 706 4230 scripto
725 4140 891 4209 decanea
911 4140 1167 4231 pronunciare;
1198 4139 1261 4209 nisi

340 4347 345 4383 ¹
363 4363 397 4400 ex
414 4363 464 4398 om.
667 4338 679 4374 ²
694 4344 857 4399 solennitas.
1064 4345 1075 4376 ³
1091 4343 1145 4398 vcl.
