<?xml version="1.0" encoding="UTF-8"?>
<!DOCTYPE html PUBLIC "-//W3C//DTD XHTML 1.0 Transitional//EN"
    "http://www.w3.org/TR/xhtml1/DTD/xhtml1-transitional.dtd">
<html xmlns="http://www.w3.org/1999/xhtml" xml:lang="en" lang="en">
 <head>
  <title>
</title>
<meta http-equiv="Content-Type" content="text/html;charset=utf-8" />
  <meta name='ocr-system' content='tesseract 3.04.00' />
  <meta name='ocr-capabilities' content='ocr_page ocr_carea ocr_par ocr_line ocrx_word'/>
</head>
<body>
  <div class='ocr_page' id='page_1' title='image "./reformationeccl01cardgoog_0264.png"; bbox 0 0 2692 4800; ppageno 0'>
   <div class='ocr_carea' id='block_1_1' title="bbox 553 346 791 400">
    <p class='ocr_par' dir='ltr' id='par_1_1' title="bbox 553 346 791 400">
     <span class='ocr_line' id='line_1_1' title="bbox 553 346 791 400; baseline 0 -3"><span class='ocrx_word' id='word_1_1' title='bbox 553 348 601 397; x_wconf 78' lang='lat' dir='ltr'><strong>DE</strong></span> <span class='ocrx_word' id='word_1_2' title='bbox 626 346 791 400; x_wconf 84' lang='lat' dir='ltr'>JUDICIIS.</span> 
     </span>
    </p>
   </div>
   <div class='ocr_carea' id='block_1_2' title="bbox 580 593 751 659">
    <p class='ocr_par' dir='ltr' id='par_1_2' title="bbox 580 593 751 659">
     <span class='ocr_line' id='line_1_2' title="bbox 580 593 751 659; baseline -0.012 0"><span class='ocrx_word' id='word_1_3' title='bbox 580 597 629 659; x_wconf 84' lang='lat' dir='ltr'><strong>Dc</strong></span> <span class='ocrx_word' id='word_1_4' title='bbox 643 593 751 659; x_wconf 71' lang='lat' dir='ltr'><strong>libello</strong></span> 
     </span>
    </p>
   </div>
   <div class='ocr_carea' id='block_1_3' title="bbox 145 733 1197 1520">
    <p class='ocr_par' dir='ltr' id='par_1_3' title="bbox 145 733 1197 1520">
     <span class='ocr_line' id='line_1_3' title="bbox 192 733 1194 825; baseline -0.005 -18"><span class='ocrx_word' id='word_1_5' title='bbox 192 736 387 808; x_wconf 81' lang='lat' dir='ltr'><strong>Actionem</strong></span> <span class='ocrx_word' id='word_1_6' title='bbox 410 736 447 806; x_wconf 90' lang='lat' dir='ltr'><strong>in</strong></span> <span class='ocrx_word' id='word_1_7' title='bbox 465 733 586 807; x_wconf 91' lang='lat' dir='ltr'><strong>libello</strong></span> <span class='ocrx_word' id='word_1_8' title='bbox 610 742 709 805; x_wconf 85' lang='lat' dir='ltr'><strong>ector</strong></span> <span class='ocrx_word' id='word_1_9' title='bbox 731 755 802 804; x_wconf 91' lang='lat' dir='ltr'><strong>non</strong></span> <span class='ocrx_word' id='word_1_10' title='bbox 821 740 966 803; x_wconf 90' lang='lat' dir='ltr'><strong>tenetur</strong></span> <span class='ocrx_word' id='word_1_11' title='bbox 984 733 1194 825; x_wconf 82' lang='lat' dir='ltr'><strong>exprimere,</strong></span> 
     </span>
     <span class='ocr_line' id='line_1_4' title="bbox 146 847 1195 944; baseline -0.007 -21"><span class='ocrx_word' id='word_1_12' title='bbox 146 852 204 923; x_wconf 89' lang='lat' dir='ltr'><strong>sed</strong></span> <span class='ocrx_word' id='word_1_13' title='bbox 236 853 371 923; x_wconf 83' lang='lat' dir='ltr'><strong>fectum</strong></span> <span class='ocrx_word' id='word_1_14' title='bbox 406 852 522 944; x_wconf 90' lang='lat' dir='ltr'><strong>ipsum</strong></span> <span class='ocrx_word' id='word_1_15' title='bbox 554 859 592 920; x_wconf 92' lang='lat' dir='ltr'><strong>et</strong></span> <span class='ocrx_word' id='word_1_16' title='bbox 621 849 671 919; x_wconf 92' lang='lat' dir='ltr'><strong>rei</strong></span> <span class='ocrx_word' id='word_1_17' title='bbox 703 847 889 919; x_wconf 81' lang='lat' dir='ltr'><strong>veritatem</strong></span> <span class='ocrx_word' id='word_1_18' title='bbox 922 869 1011 940; x_wconf 91' lang='lat' dir='ltr'><strong>pure</strong></span> <span class='ocrx_word' id='word_1_19' title='bbox 1041 856 1079 917; x_wconf 91' lang='lat' dir='ltr'><strong>et</strong></span> <span class='ocrx_word' id='word_1_20' title='bbox 1112 847 1195 917; x_wconf 90' lang='lat' dir='ltr'><strong>sim·</strong></span> 
     </span>
     <span class='ocr_line' id='line_1_5' title="bbox 145 962 1196 1060; baseline -0.007 -22"><span class='ocrx_word' id='word_1_21' title='bbox 145 967 293 1060; x_wconf 77' lang='lat' dir='ltr'><strong>pliciter,</strong></span> <span class='ocrx_word' id='word_1_22' title='bbox 311 976 352 1037; x_wconf 92' lang='lat' dir='ltr'><strong>ut</strong></span> <span class='ocrx_word' id='word_1_23' title='bbox 375 989 422 1038; x_wconf 90' lang='lat' dir='ltr'><strong>ex</strong></span> <span class='ocrx_word' id='word_1_24' title='bbox 444 990 488 1037; x_wconf 91' lang='lat' dir='ltr'><strong>eo</strong></span> <span class='ocrx_word' id='word_1_25' title='bbox 502 967 563 1058; x_wconf 91' lang='lat' dir='ltr'><strong>jus</strong></span> <span class='ocrx_word' id='word_1_26' title='bbox 586 964 712 1059; x_wconf 84' lang='lat' dir='ltr'><strong>egendi</strong></span> <span class='ocrx_word' id='word_1_27' title='bbox 739 963 934 1058; x_wconf 78' lang='lat' dir='ltr'><strong>colligetur,</strong></span> <span class='ocrx_word' id='word_1_28' title='bbox 958 986 1099 1034; x_wconf 78' lang='lat' dir='ltr'><strong>nemore</strong></span> <span class='ocrx_word' id='word_1_29' title='bbox 1124 962 1196 1033; x_wconf 87' lang='lat' dir='ltr'><strong>suf·</strong></span> 
     </span>
     <span class='ocr_line' id='line_1_6' title="bbox 145 1076 1195 1173; baseline -0.007 -18"><span class='ocrx_word' id='word_1_30' title='bbox 145 1085 230 1157; x_wconf 84' lang='lat' dir='ltr'><strong>ficit.</strong></span> <span class='ocrx_word' id='word_1_31' title='bbox 281 1082 402 1153; x_wconf 84' lang='lat' dir='ltr'><strong>Judex</strong></span> <span class='ocrx_word' id='word_1_32' title='bbox 432 1081 717 1173; x_wconf 81' lang='lat' dir='ltr'><strong>quandocunque</strong></span> <span class='ocrx_word' id='word_1_33' title='bbox 744 1079 789 1149; x_wconf 92' lang='lat' dir='ltr'><strong>de</strong></span> <span class='ocrx_word' id='word_1_34' title='bbox 817 1079 1054 1172; x_wconf 82' lang='lat' dir='ltr'><strong>ineptitudine</strong></span> <span class='ocrx_word' id='word_1_35' title='bbox 1083 1076 1195 1148; x_wconf 89' lang='lat' dir='ltr'><strong>libelli</strong></span> 
     </span>
     <span class='ocr_line' id='line_1_7' title="bbox 145 1194 1195 1282; baseline -0.006 -12"><span class='ocrx_word' id='word_1_36' title='bbox 145 1200 178 1270; x_wconf 91' lang='lat' dir='ltr'><strong>ei</strong></span> <span class='ocrx_word' id='word_1_37' title='bbox 211 1197 421 1282; x_wconf 86' lang='lat' dir='ltr'><strong>constiterit,</strong></span> <span class='ocrx_word' id='word_1_38' title='bbox 455 1219 555 1268; x_wconf 90' lang='lat' dir='ltr'><strong>reum</strong></span> <span class='ocrx_word' id='word_1_39' title='bbox 591 1195 774 1266; x_wconf 81' lang='lat' dir='ltr'><strong>absolvere</strong></span> <span class='ocrx_word' id='word_1_40' title='bbox 813 1196 945 1265; x_wconf 91' lang='lat' dir='ltr'><strong>debet:</strong></span> <span class='ocrx_word' id='word_1_41' title='bbox 989 1194 1042 1265; x_wconf 83' lang='lat' dir='ltr'><strong>itu</strong></span> <span class='ocrx_word' id='word_1_42' title='bbox 1074 1201 1195 1265; x_wconf 85' lang='lat' dir='ltr'><strong>tumen</strong></span> 
     </span>
     <span class='ocr_line' id='line_1_8' title="bbox 146 1309 1197 1407; baseline -0.005 -22"><span class='ocrx_word' id='word_1_43' title='bbox 146 1316 240 1407; x_wconf 94' lang='lat' dir='ltr'><strong>quod</strong></span> <span class='ocrx_word' id='word_1_44' title='bbox 265 1315 293 1385; x_wconf 90' lang='lat' dir='ltr'><strong>si</strong></span> <span class='ocrx_word' id='word_1_45' title='bbox 318 1323 416 1385; x_wconf 88' lang='lat' dir='ltr'><strong>cotor</strong></span> <span class='ocrx_word' id='word_1_46' title='bbox 440 1322 564 1405; x_wconf 84' lang='lat' dir='ltr'><strong>uptum</strong></span> <span class='ocrx_word' id='word_1_47' title='bbox 591 1319 629 1383; x_wconf 92' lang='lat' dir='ltr'><strong>et</strong></span> <span class='ocrx_word' id='word_1_48' title='bbox 652 1320 907 1404; x_wconf 81' lang='lat' dir='ltr'><strong>congruentem</strong></span> <span class='ocrx_word' id='word_1_49' title='bbox 931 1309 1092 1381; x_wconf 91' lang='lat' dir='ltr'><strong>libellum</strong></span> <span class='ocrx_word' id='word_1_50' title='bbox 1117 1333 1197 1405; x_wconf 92' lang='lat' dir='ltr'><strong>por-</strong></span> 
     </span>
     <span class='ocr_line' id='line_1_9' title="bbox 146 1428 1054 1520; baseline -0.007 -18"><span class='ocrx_word' id='word_1_51' title='bbox 146 1430 290 1511; x_wconf 82' lang='lat' dir='ltr'><strong>rexerit,</strong></span> <span class='ocrx_word' id='word_1_52' title='bbox 308 1451 388 1501; x_wconf 89' lang='lat' dir='ltr'><strong>reus</strong></span> <span class='ocrx_word' id='word_1_53' title='bbox 405 1428 634 1499; x_wconf 91' lang='lat' dir='ltr'><strong>nihilominus</strong></span> <span class='ocrx_word' id='word_1_54' title='bbox 651 1429 862 1520; x_wconf 89' lang='lat' dir='ltr'><strong>respondere</strong></span> <span class='ocrx_word' id='word_1_55' title='bbox 878 1435 1054 1500; x_wconf 76' lang='lat' dir='ltr'><strong>teneatur.</strong></span> 
     </span>
    </p>
   </div>
   <div class='ocr_carea' id='block_1_4' title="bbox 445 1640 895 1726">
    <p class='ocr_par' dir='ltr' id='par_1_4' title="bbox 445 1640 895 1726">
     <span class='ocr_line' id='line_1_10' title="bbox 445 1640 895 1726; baseline -0.002 -19"><span class='ocrx_word' id='word_1_56' title='bbox 445 1641 608 1707; x_wconf 80' lang='lat' dir='ltr'><strong>Judieium</strong></span> <span class='ocrx_word' id='word_1_57' title='bbox 623 1641 745 1726; x_wconf 79' lang='lat' dir='ltr'><strong>quoodo</strong></span> <span class='ocrx_word' id='word_1_58' title='bbox 758 1640 895 1706; x_wconf 74' lang='lat' dir='ltr'><strong>coicitur.</strong></span> 
     </span>
    </p>
   </div>
   <div class='ocr_carea' id='block_1_5' title="bbox 137 1780 1202 3034">
    <p class='ocr_par' dir='ltr' id='par_1_5' title="bbox 137 1780 1202 3034">
     <span class='ocr_line' id='line_1_11' title="bbox 201 1780 1198 1876; baseline -0.001 -23"><span class='ocrx_word' id='word_1_59' title='bbox 201 1781 384 1855; x_wconf 89' lang='lat' dir='ltr'><strong>Judieium</strong></span> <span class='ocrx_word' id='word_1_60' title='bbox 413 1782 563 1853; x_wconf 86' lang='lat' dir='ltr'><strong>solvitur</strong></span> <span class='ocrx_word' id='word_1_61' title='bbox 591 1789 737 1852; x_wconf 80' lang='lat' dir='ltr'><strong>retente</strong></span> <span class='ocrx_word' id='word_1_62' title='bbox 769 1804 813 1851; x_wconf 92' lang='lat' dir='ltr'><strong>eo</strong></span> <span class='ocrx_word' id='word_1_63' title='bbox 842 1781 903 1873; x_wconf 93' lang='lat' dir='ltr'><strong>qui</strong></span> <span class='ocrx_word' id='word_1_64' title='bbox 930 1780 1093 1876; x_wconf 75' lang='lat' dir='ltr'><strong>Judioore</strong></span> <span class='ocrx_word' id='word_1_65' title='bbox 1120 1782 1198 1875; x_wconf 88' lang='lat' dir='ltr'><strong>jus-</strong></span> 
     </span>
     <span class='ocr_line' id='line_1_12' title="bbox 147 1896 1197 1989; baseline -0.003 -19"><span class='ocrx_word' id='word_1_66' title='bbox 147 1907 253 1982; x_wconf 85' lang='lat' dir='ltr'><strong>scrut,</strong></span> <span class='ocrx_word' id='word_1_67' title='bbox 277 1898 333 1970; x_wconf 87' lang='lat' dir='ltr'><strong>vel</strong></span> <span class='ocrx_word' id='word_1_68' title='bbox 360 1899 470 1969; x_wconf 81' lang='lat' dir='ltr'><strong>etiem</strong></span> <span class='ocrx_word' id='word_1_69' title='bbox 498 1919 541 1968; x_wconf 90' lang='lat' dir='ltr'><strong>eo</strong></span> <span class='ocrx_word' id='word_1_70' title='bbox 572 1897 633 1989; x_wconf 91' lang='lat' dir='ltr'><strong>qui</strong></span> <span class='ocrx_word' id='word_1_71' title='bbox 658 1898 772 1989; x_wconf 84' lang='lat' dir='ltr'><strong>majus</strong></span> <span class='ocrx_word' id='word_1_72' title='bbox 797 1897 984 1989; x_wconf 89' lang='lat' dir='ltr'><strong>imperium</strong></span> <span class='ocrx_word' id='word_1_73' title='bbox 1010 1896 1047 1966; x_wconf 90' lang='lat' dir='ltr'><strong>in</strong></span> <span class='ocrx_word' id='word_1_74' title='bbox 1073 1897 1197 1967; x_wconf 85' lang='lat' dir='ltr'><strong>eudem</strong></span> 
     </span>
     <span class='ocr_line' id='line_1_13' title="bbox 140 2013 1198 2109; baseline -0.003 -24"><span class='ocrx_word' id='word_1_75' title='bbox 140 2015 388 2109; x_wconf 88' lang='lat' dir='ltr'><strong>jurisdictione</strong></span> <span class='ocrx_word' id='word_1_76' title='bbox 407 2013 529 2098; x_wconf 83' lang='lat' dir='ltr'><strong>habet,</strong></span> <span class='ocrx_word' id='word_1_77' title='bbox 547 2013 602 2083; x_wconf 89' lang='lat' dir='ltr'><strong>vel</strong></span> <span class='ocrx_word' id='word_1_78' title='bbox 628 2014 737 2085; x_wconf 81' lang='lat' dir='ltr'><strong>etiem</strong></span> <span class='ocrx_word' id='word_1_79' title='bbox 761 2014 791 2083; x_wconf 93' lang='lat' dir='ltr'><strong>si</strong></span> <span class='ocrx_word' id='word_1_80' title='bbox 813 2014 888 2105; x_wconf 91' lang='lat' dir='ltr'><strong>ipse</strong></span> <span class='ocrx_word' id='word_1_81' title='bbox 906 2013 1021 2106; x_wconf 87' lang='lat' dir='ltr'><strong>judex</strong></span> <span class='ocrx_word' id='word_1_82' title='bbox 1039 2014 1198 2105; x_wconf 89' lang='lat' dir='ltr'><strong>ejusdem</strong></span> 
     </span>
     <span class='ocr_line' id='line_1_14' title="bbox 147 2129 1198 2224; baseline -0.004 -22"><span class='ocrx_word' id='word_1_83' title='bbox 147 2131 288 2224; x_wconf 92' lang='lat' dir='ltr'><strong>imperii</strong></span> <span class='ocrx_word' id='word_1_84' title='bbox 313 2153 388 2203; x_wconf 88' lang='lat' dir='ltr'><strong>esse</strong></span> <span class='ocrx_word' id='word_1_85' title='bbox 413 2131 570 2223; x_wconf 72' lang='lat' dir='ltr'><strong>eruperit,</strong></span> <span class='ocrx_word' id='word_1_86' title='bbox 597 2129 697 2223; x_wconf 90' lang='lat' dir='ltr'><strong>cujus</strong></span> <span class='ocrx_word' id='word_1_87' title='bbox 727 2137 782 2199; x_wconf 90' lang='lat' dir='ltr'><strong>est</strong></span> <span class='ocrx_word' id='word_1_88' title='bbox 813 2131 873 2222; x_wconf 93' lang='lat' dir='ltr'><strong>qui</strong></span> <span class='ocrx_word' id='word_1_89' title='bbox 892 2129 1055 2224; x_wconf 87' lang='lat' dir='ltr'><strong>judicare</strong></span> <span class='ocrx_word' id='word_1_90' title='bbox 1079 2129 1198 2223; x_wconf 86' lang='lat' dir='ltr'><strong>jussit.</strong></span> 
     </span>
     <span class='ocr_line' id='line_1_15' title="bbox 148 2246 1200 2342; baseline -0.001 -25"><span class='ocrx_word' id='word_1_91' title='bbox 148 2246 189 2317; x_wconf 83' lang='lat' dir='ltr'><strong>si</strong></span> <span class='ocrx_word' id='word_1_92' title='bbox 214 2269 307 2318; x_wconf 86' lang='lat' dir='ltr'><strong>uuus</strong></span> <span class='ocrx_word' id='word_1_93' title='bbox 331 2270 378 2318; x_wconf 88' lang='lat' dir='ltr'><strong>ex</strong></span> <span class='ocrx_word' id='word_1_94' title='bbox 404 2247 642 2342; x_wconf 79' lang='lat' dir='ltr'><strong>litigatoribus</strong></span> <span class='ocrx_word' id='word_1_95' title='bbox 666 2246 800 2317; x_wconf 84' lang='lat' dir='ltr'><strong>hebens</strong></span> <span class='ocrx_word' id='word_1_96' title='bbox 827 2254 1089 2339; x_wconf 80' lang='lat' dir='ltr'><strong>procuratorem</strong></span> <span class='ocrx_word' id='word_1_97' title='bbox 1119 2254 1200 2339; x_wconf 91' lang='lat' dir='ltr'><strong>post</strong></span> 
     </span>
     <span class='ocr_line' id='line_1_16' title="bbox 147 2359 1198 2453; baseline -0.002 -22"><span class='ocrx_word' id='word_1_98' title='bbox 147 2361 250 2432; x_wconf 92' lang='lat' dir='ltr'><strong>litem</strong></span> <span class='ocrx_word' id='word_1_99' title='bbox 274 2370 507 2433; x_wconf 82' lang='lat' dir='ltr'><strong>contestatum</strong></span> <span class='ocrx_word' id='word_1_100' title='bbox 533 2362 733 2444; x_wconf 81' lang='lat' dir='ltr'><strong>decesserit,</strong></span> <span class='ocrx_word' id='word_1_101' title='bbox 744 2362 922 2453; x_wconf 88' lang='lat' dir='ltr'><strong>judicium</strong></span> <span class='ocrx_word' id='word_1_102' title='bbox 944 2384 1015 2432; x_wconf 92' lang='lat' dir='ltr'><strong>non</strong></span> <span class='ocrx_word' id='word_1_103' title='bbox 1038 2359 1198 2431; x_wconf 82' lang='lat' dir='ltr'><strong>solvitur.</strong></span> 
     </span>
     <span class='ocr_line' id='line_1_17' title="bbox 148 2473 1200 2570; baseline -0.001 -23"><span class='ocrx_word' id='word_1_104' title='bbox 148 2476 246 2547; x_wconf 83' lang='lat' dir='ltr'><strong>Nom</strong></span> <span class='ocrx_word' id='word_1_105' title='bbox 275 2476 391 2568; x_wconf 88' lang='lat' dir='ltr'><strong>judex</strong></span> <span class='ocrx_word' id='word_1_106' title='bbox 426 2485 549 2548; x_wconf 87' lang='lat' dir='ltr'><strong>contro</strong></span> <span class='ocrx_word' id='word_1_107' title='bbox 577 2486 839 2570; x_wconf 85' lang='lat' dir='ltr'><strong>procuratorem</strong></span> <span class='ocrx_word' id='word_1_108' title='bbox 875 2485 1042 2568; x_wconf 82' lang='lat' dir='ltr'><strong>tanquam</strong></span> <span class='ocrx_word' id='word_1_109' title='bbox 1075 2473 1200 2547; x_wconf 90' lang='lat' dir='ltr'><strong>Domi-</strong></span> 
     </span>
     <span class='ocr_line' id='line_1_18' title="bbox 147 2590 1200 2686; baseline 0.001 -23"><span class='ocrx_word' id='word_1_110' title='bbox 147 2615 237 2663; x_wconf 90' lang='lat' dir='ltr'><strong>num</strong></span> <span class='ocrx_word' id='word_1_111' title='bbox 260 2591 343 2674; x_wconf 93' lang='lat' dir='ltr'><strong>litis,</strong></span> <span class='ocrx_word' id='word_1_112' title='bbox 361 2615 472 2686; x_wconf 90' lang='lat' dir='ltr'><strong>usque</strong></span> <span class='ocrx_word' id='word_1_113' title='bbox 495 2590 558 2664; x_wconf 84' lang='lat' dir='ltr'><strong>ud¹</strong></span> <span class='ocrx_word' id='word_1_114' title='bbox 581 2594 794 2663; x_wconf 87' lang='lat' dir='ltr'><strong>sententium</strong></span> <span class='ocrx_word' id='word_1_115' title='bbox 818 2592 990 2664; x_wconf 90' lang='lat' dir='ltr'><strong>inclusive</strong></span> <span class='ocrx_word' id='word_1_116' title='bbox 1010 2591 1200 2686; x_wconf 87' lang='lat' dir='ltr'><strong>procedere</strong></span> 
     </span>
     <span class='ocr_line' id='line_1_19' title="bbox 137 2708 1200 2811; baseline 0 -33"><span class='ocrx_word' id='word_1_117' title='bbox 137 2708 307 2811; x_wconf 84' lang='lat' dir='ltr'><strong>poterit:</strong></span> <span class='ocrx_word' id='word_1_118' title='bbox 350 2710 516 2780; x_wconf 85' lang='lat' dir='ltr'><strong>executio</strong></span> <span class='ocrx_word' id='word_1_119' title='bbox 551 2717 672 2779; x_wconf 84' lang='lat' dir='ltr'><strong>tomen</strong></span> <span class='ocrx_word' id='word_1_120' title='bbox 706 2718 828 2779; x_wconf 84' lang='lat' dir='ltr'><strong>contra</strong></span> <span class='ocrx_word' id='word_1_121' title='bbox 863 2716 1102 2792; x_wconf 88' lang='lat' dir='ltr'><strong>executorem,</strong></span> <span class='ocrx_word' id='word_1_122' title='bbox 1136 2731 1200 2780; x_wconf 90' lang='lat' dir='ltr'><strong>seu</strong></span> 
     </span>
     <span class='ocr_line' id='line_1_20' title="bbox 148 2824 1202 2909; baseline 0.002 -14"><span class='ocrx_word' id='word_1_123' title='bbox 148 2824 323 2895; x_wconf 89' lang='lat' dir='ltr'><strong>bonorum</strong></span> <span class='ocrx_word' id='word_1_124' title='bbox 353 2825 675 2896; x_wconf 80' lang='lat' dir='ltr'><strong>administratorem</strong></span> <span class='ocrx_word' id='word_1_125' title='bbox 705 2826 893 2909; x_wconf 86' lang='lat' dir='ltr'><strong>demortui,</strong></span> <span class='ocrx_word' id='word_1_126' title='bbox 916 2833 954 2897; x_wconf 89' lang='lat' dir='ltr'><strong>et</strong></span> <span class='ocrx_word' id='word_1_127' title='bbox 980 2848 1050 2895; x_wconf 93' lang='lat' dir='ltr'><strong>non</strong></span> <span class='ocrx_word' id='word_1_128' title='bbox 1077 2833 1202 2897; x_wconf 82' lang='lat' dir='ltr'><strong>contro</strong></span> 
     </span>
     <span class='ocr_line' id='line_1_21' title="bbox 148 2941 509 3034; baseline 0.011 -22"><span class='ocrx_word' id='word_1_129' title='bbox 148 2949 413 3034; x_wconf 77' lang='lat' dir='ltr'><strong>procuratorem</strong></span> <span class='ocrx_word' id='word_1_130' title='bbox 436 2941 509 3016; x_wconf 86' lang='lat' dir='ltr'><strong>fiet.</strong></span> 
     </span>
    </p>
   </div>
   <div class='ocr_carea' id='block_1_6' title="bbox 480 3150 871 3216">
    <p class='ocr_par' dir='ltr' id='par_1_6' title="bbox 480 3150 871 3216">
     <span class='ocr_line' id='line_1_22' title="bbox 480 3150 871 3216; baseline 0.003 -1"><span class='ocrx_word' id='word_1_131' title='bbox 480 3151 529 3215; x_wconf 81' lang='lat' dir='ltr'><strong>Do</strong></span> <span class='ocrx_word' id='word_1_132' title='bbox 543 3152 645 3215; x_wconf 72' lang='lat' dir='ltr'><strong>ocutis</strong></span> <span class='ocrx_word' id='word_1_133' title='bbox 660 3150 871 3216; x_wconf 77' lang='lat' dir='ltr'><strong>incidentibus.</strong></span> 
     </span>
    </p>
   </div>
   <div class='ocr_carea' id='block_1_7' title="bbox 148 3288 1203 4076">
    <p class='ocr_par' dir='ltr' id='par_1_7' title="bbox 148 3288 1203 4076">
     <span class='ocr_line' id='line_1_23' title="bbox 200 3288 1199 3385; baseline 0.004 -26"><span class='ocrx_word' id='word_1_134' title='bbox 200 3288 351 3373; x_wconf 84' lang='lat' dir='ltr'><strong>Quoties</strong></span> <span class='ocrx_word' id='word_1_135' title='bbox 376 3289 412 3358; x_wconf 92' lang='lat' dir='ltr'><strong>in</strong></span> <span class='ocrx_word' id='word_1_136' title='bbox 442 3311 547 3359; x_wconf 81' lang='lat' dir='ltr'><strong>ceusu</strong></span> <span class='ocrx_word' id='word_1_137' title='bbox 573 3299 611 3360; x_wconf 91' lang='lat' dir='ltr'><strong>et</strong></span> <span class='ocrx_word' id='word_1_138' title='bbox 636 3289 700 3360; x_wconf 91' lang='lat' dir='ltr'><strong>lite</strong></span> <span class='ocrx_word' id='word_1_139' title='bbox 725 3291 905 3383; x_wconf 88' lang='lat' dir='ltr'><strong>pendente</strong></span> <span class='ocrx_word' id='word_1_140' title='bbox 930 3313 1047 3363; x_wconf 82' lang='lat' dir='ltr'><strong>corum</strong></span> <span class='ocrx_word' id='word_1_141' title='bbox 1066 3292 1199 3385; x_wconf 87' lang='lat' dir='ltr'><strong>judice,</strong></span> 
     </span>
     <span class='ocr_line' id='line_1_24' title="bbox 148 3401 1201 3502; baseline 0.004 -29"><span class='ocrx_word' id='word_1_142' title='bbox 148 3401 269 3495; x_wconf 78' lang='lat' dir='ltr'><strong>ulique</strong></span> <span class='ocrx_word' id='word_1_143' title='bbox 293 3424 399 3474; x_wconf 85' lang='lat' dir='ltr'><strong>csuse</strong></span> <span class='ocrx_word' id='word_1_144' title='bbox 424 3403 583 3476; x_wconf 91' lang='lat' dir='ltr'><strong>incidens</strong></span> <span class='ocrx_word' id='word_1_145' title='bbox 610 3427 673 3476; x_wconf 89' lang='lat' dir='ltr'><strong>seu</strong></span> <span class='ocrx_word' id='word_1_146' title='bbox 696 3428 880 3502; x_wconf 82' lang='lat' dir='ltr'><strong>emergens</strong></span> <span class='ocrx_word' id='word_1_147' title='bbox 903 3410 1089 3490; x_wconf 86' lang='lat' dir='ltr'><strong>concurrit,</strong></span> <span class='ocrx_word' id='word_1_148' title='bbox 1111 3407 1201 3479; x_wconf 92' lang='lat' dir='ltr'><strong>nihil</strong></span> 
     </span>
     <span class='ocr_line' id='line_1_25' title="bbox 149 3518 1200 3617; baseline 0.007 -29"><span class='ocrx_word' id='word_1_149' title='bbox 149 3519 315 3611; x_wconf 91' lang='lat' dir='ltr'><strong>prohibet</strong></span> <span class='ocrx_word' id='word_1_150' title='bbox 353 3518 438 3612; x_wconf 92' lang='lat' dir='ltr'><strong>quin</strong></span> <span class='ocrx_word' id='word_1_151' title='bbox 477 3522 569 3612; x_wconf 83' lang='lat' dir='ltr'><strong>apud</strong></span> <span class='ocrx_word' id='word_1_152' title='bbox 609 3522 762 3592; x_wconf 89' lang='lat' dir='ltr'><strong>eundem</strong></span> <span class='ocrx_word' id='word_1_153' title='bbox 794 3523 954 3614; x_wconf 88' lang='lat' dir='ltr'><strong>judicem</strong></span> <span class='ocrx_word' id='word_1_154' title='bbox 997 3523 1200 3617; x_wconf 85' lang='lat' dir='ltr'><strong>hujusmodi</strong></span> 
     </span>
     <span class='ocr_line' id='line_1_26' title="bbox 149 3633 1201 3732; baseline 0.006 -27"><span class='ocrx_word' id='word_1_155' title='bbox 149 3655 256 3705; x_wconf 79' lang='lat' dir='ltr'><strong>cause</strong></span> <span class='ocrx_word' id='word_1_156' title='bbox 282 3633 504 3718; x_wconf 88' lang='lat' dir='ltr'><strong>terminetur,</strong></span> <span class='ocrx_word' id='word_1_157' title='bbox 532 3635 617 3707; x_wconf 89' lang='lat' dir='ltr'><strong>licet</strong></span> <span class='ocrx_word' id='word_1_158' title='bbox 646 3637 887 3729; x_wconf 76' lang='lat' dir='ltr'><strong>principaliter</strong></span> <span class='ocrx_word' id='word_1_159' title='bbox 916 3661 1021 3732; x_wconf 91' lang='lat' dir='ltr'><strong>super</strong></span> <span class='ocrx_word' id='word_1_160' title='bbox 1050 3640 1201 3711; x_wconf 85' lang='lat' dir='ltr'><strong>eundem</strong></span> 
     </span>
     <span class='ocr_line' id='line_1_27' title="bbox 149 3751 1203 3849; baseline 0.007 -29"><span class='ocrx_word' id='word_1_161' title='bbox 149 3771 363 3845; x_wconf 88' lang='lat' dir='ltr'><strong>cognoscere</strong></span> <span class='ocrx_word' id='word_1_162' title='bbox 383 3774 453 3822; x_wconf 91' lang='lat' dir='ltr'><strong>non</strong></span> <span class='ocrx_word' id='word_1_163' title='bbox 472 3753 591 3845; x_wconf 89' lang='lat' dir='ltr'><strong>possit.</strong></span> <span class='ocrx_word' id='word_1_164' title='bbox 642 3751 827 3824; x_wconf 89' lang='lat' dir='ltr'><strong>Judieium</strong></span> <span class='ocrx_word' id='word_1_165' title='bbox 848 3755 941 3826; x_wconf 83' lang='lat' dir='ltr'><strong>volet</strong></span> <span class='ocrx_word' id='word_1_166' title='bbox 963 3777 1069 3849; x_wconf 87' lang='lat' dir='ltr'><strong>super</strong></span> <span class='ocrx_word' id='word_1_167' title='bbox 1090 3778 1203 3827; x_wconf 89' lang='lat' dir='ltr'><strong>emer·</strong></span> 
     </span>
     <span class='ocr_line' id='line_1_28' title="bbox 148 3865 1201 3965; baseline 0.009 -31"><span class='ocrx_word' id='word_1_168' title='bbox 148 3865 259 3959; x_wconf 89' lang='lat' dir='ltr'><strong>genti,</strong></span> <span class='ocrx_word' id='word_1_169' title='bbox 286 3866 394 3937; x_wconf 82' lang='lat' dir='ltr'><strong>etiem</strong></span> <span class='ocrx_word' id='word_1_170' title='bbox 426 3890 531 3962; x_wconf 91' lang='lat' dir='ltr'><strong>super</strong></span> <span class='ocrx_word' id='word_1_171' title='bbox 558 3892 627 3965; x_wconf 91' lang='lat' dir='ltr'><strong>quo</strong></span> <span class='ocrx_word' id='word_1_172' title='bbox 650 3869 764 3962; x_wconf 86' lang='lat' dir='ltr'><strong>judex</strong></span> <span class='ocrx_word' id='word_1_173' title='bbox 794 3893 865 3942; x_wconf 91' lang='lat' dir='ltr'><strong>non</strong></span> <span class='ocrx_word' id='word_1_174' title='bbox 892 3871 1113 3964; x_wconf 80' lang='lat' dir='ltr'><strong>pronunciet,</strong></span> <span class='ocrx_word' id='word_1_175' title='bbox 1138 3872 1201 3944; x_wconf 92' lang='lat' dir='ltr'><strong>sed</strong></span> 
     </span>
     <span class='ocr_line' id='line_1_29' title="bbox 149 3980 447 4076; baseline 0.013 -24"><span class='ocrx_word' id='word_1_176' title='bbox 149 3980 244 4057; x_wconf 80' lang='lat' dir='ltr'><strong>ultre</strong></span> <span class='ocrx_word' id='word_1_177' title='bbox 266 3985 447 4076; x_wconf 85' lang='lat' dir='ltr'><strong>processit.</strong></span> 
     </span>
    </p>
   </div>
   <div class='ocr_carea' id='block_1_8' title="bbox 610 4143 739 4202">
    <p class='ocr_par' dir='ltr' id='par_1_8' title="bbox 610 4143 739 4202">
     <span class='ocr_line' id='line_1_30' title="bbox 610 4143 739 4202; baseline 0.023 -3"><span class='ocrx_word' id='word_1_178' title='bbox 610 4143 618 4184; x_wconf 89' lang='lat'>¹</span> <span class='ocrx_word' id='word_1_179' title='bbox 637 4143 673 4199; x_wconf 81' lang='lat' dir='ltr'><strong>ad</strong></span> <span class='ocrx_word' id='word_1_180' title='bbox 688 4162 739 4202; x_wconf 87' lang='lat' dir='ltr'><strong>om.</strong></span> 
     </span>
    </p>
   </div>
   <div class='ocr_carea' id='block_1_9' title="bbox 0 0 1356 4800">
    <p class='ocr_par' dir='ltr' id='par_1_9' title="bbox 0 0 1356 4800">
     <span class='ocr_line' id='line_1_31' title="bbox 0 0 1356 4800; baseline 0 0"><span class='ocrx_word' id='word_1_181' title='bbox 0 0 1356 4800; x_wconf 95' lang='lat' dir='ltr'><strong> </strong></span> 
     </span>
    </p>
   </div>
  </div>
 </body>
</html>
