<?xml version="1.0" encoding="UTF-8"?>
<!DOCTYPE html PUBLIC "-//W3C//DTD XHTML 1.0 Transitional//EN"
    "http://www.w3.org/TR/xhtml1/DTD/xhtml1-transitional.dtd">
<html xmlns="http://www.w3.org/1999/xhtml" xml:lang="en" lang="en">
 <head>
  <title>
</title>
<meta http-equiv="Content-Type" content="text/html;charset=utf-8" />
  <meta name='ocr-system' content='tesseract 3.04.00' />
  <meta name='ocr-capabilities' content='ocr_page ocr_carea ocr_par ocr_line ocrx_word'/>
</head>
<body>
  <div class='ocr_page' id='page_1' title='image "./reformationeccl01cardgoog_0338.png"; bbox 0 0 2692 4800; ppageno 0'>
   <div class='ocr_carea' id='block_1_1' title="bbox 438 314 1166 408">
    <p class='ocr_par' dir='ltr' id='par_1_1' title="bbox 438 314 1166 408">
     <span class='ocr_line' id='line_1_1' title="bbox 438 314 1166 408; baseline 0.011 -27"><span class='ocrx_word' id='word_1_1' title='bbox 438 330 487 381; x_wconf 85' lang='lat' dir='ltr'>ns</span> <span class='ocrx_word' id='word_1_2' title='bbox 511 330 852 384; x_wconf 75' lang='lat' dir='ltr'>nrrmuarroumus.</span> <span class='ocrx_word' id='word_1_3' title='bbox 946 401 951 408; x_wconf 24' lang='grc' dir='ltr'>Ι</span> <span class='ocrx_word' id='word_1_4' title='bbox 1096 314 1166 388; x_wconf 78' lang='grc'>271</span> 
     </span>
    </p>
   </div>
   <div class='ocr_carea' id='block_1_2' title="bbox 124 486 1172 909">
    <p class='ocr_par' dir='ltr' id='par_1_2' title="bbox 124 486 1172 909">
     <span class='ocr_line' id='line_1_2' title="bbox 124 486 1171 580; baseline -0.004 -21"><span class='ocrx_word' id='word_1_5' title='bbox 124 486 227 571; x_wconf 85' lang='lat' dir='ltr'>ends,</span> <span class='ocrx_word' id='word_1_6' title='bbox 244 510 395 580; x_wconf 90' lang='lat' dir='ltr'>quorum</span> <span class='ocrx_word' id='word_1_7' title='bbox 418 496 557 559; x_wconf 87' lang='lat' dir='ltr'>mentes</span> <span class='ocrx_word' id='word_1_8' title='bbox 574 487 775 559; x_wconf 87' lang='lat' dir='ltr'>Christiana</span> <span class='ocrx_word' id='word_1_9' title='bbox 797 486 957 568; x_wconf 80' lang='lat' dir='ltr'><strong>charitas,</strong></span> <span class='ocrx_word' id='word_1_10' title='bbox 976 508 1053 577; x_wconf 78' lang='lat' dir='ltr'>quae</span> <span class='ocrx_word' id='word_1_11' title='bbox 1076 508 1171 578; x_wconf 89' lang='lat' dir='ltr'>pror-</span> 
     </span>
     <span class='ocr_line' id='line_1_3' title="bbox 125 602 1171 697; baseline -0.006 -22"><span class='ocrx_word' id='word_1_12' title='bbox 125 627 184 675; x_wconf 85' lang='lat' dir='ltr'>sus</span> <span class='ocrx_word' id='word_1_13' title='bbox 211 602 283 675; x_wconf 90' lang='lat' dir='ltr'>illis</span> <span class='ocrx_word' id='word_1_14' title='bbox 311 603 423 685; x_wconf 84' lang='lat' dir='ltr'>abest,</span> <span class='ocrx_word' id='word_1_15' title='bbox 440 603 579 675; x_wconf 89' lang='lat' dir='ltr'>mollire</span> <span class='ocrx_word' id='word_1_16' title='bbox 609 626 680 673; x_wconf 92' lang='lat' dir='ltr'>non</span> <span class='ocrx_word' id='word_1_17' title='bbox 709 614 849 697; x_wconf 83' lang='lat' dir='ltr'>potest3</span> <span class='ocrx_word' id='word_1_18' title='bbox 880 611 918 674; x_wconf 93' lang='lat' dir='ltr'>et</span> <span class='ocrx_word' id='word_1_19' title='bbox 944 624 1031 694; x_wconf 86' lang='lat' dir='ltr'>quoa</span> <span class='ocrx_word' id='word_1_20' title='bbox 1057 602 1171 693; x_wconf 91' lang='lat' dir='ltr'>ipsum</span> 
     </span>
     <span class='ocr_line' id='line_1_4' title="bbox 124 718 1172 815; baseline -0.002 -24"><span class='ocrx_word' id='word_1_21' title='bbox 124 744 189 815; x_wconf 89' lang='lat' dir='ltr'>per</span> <span class='ocrx_word' id='word_1_22' title='bbox 223 742 262 792; x_wconf 86' lang='lat' dir='ltr'>so</span> <span class='ocrx_word' id='word_1_23' title='bbox 295 743 366 792; x_wconf 93' lang='lat' dir='ltr'>non</span> <span class='ocrx_word' id='word_1_24' title='bbox 399 730 521 791; x_wconf 90' lang='lat' dir='ltr'>movet</span> <span class='ocrx_word' id='word_1_25' title='bbox 555 720 721 801; x_wconf 88' lang='lat' dir='ltr'>officium,</span> <span class='ocrx_word' id='word_1_26' title='bbox 749 720 828 791; x_wconf 90' lang='lat' dir='ltr'>illos</span> <span class='ocrx_word' id='word_1_27' title='bbox 855 720 946 813; x_wconf 88' lang='lat' dir='ltr'>juris</span> <span class='ocrx_word' id='word_1_28' title='bbox 979 718 1172 789; x_wconf 85' lang='lat' dir='ltr'>acerbitate</span> 
     </span>
     <span class='ocr_line' id='line_1_5' title="bbox 125 838 398 909; baseline -0.007 0"><span class='ocrx_word' id='word_1_29' title='bbox 125 838 398 909; x_wconf 71' lang='lat' dir='ltr'>devineiemuo.</span> 
     </span>
    </p>
   </div>
   <div class='ocr_carea' id='block_1_3' title="bbox 208 1042 1098 1131">
    <p class='ocr_par' dir='ltr' id='par_1_3' title="bbox 208 1042 1098 1131">
     <span class='ocr_line' id='line_1_6' title="bbox 208 1042 1098 1131; baseline -0.007 -20"><span class='ocrx_word' id='word_1_30' title='bbox 208 1044 286 1131; x_wconf 82' lang='lat' dir='ltr'>Osp.</span> <span class='ocrx_word' id='word_1_31' title='bbox 298 1064 327 1111; x_wconf 83' lang='lat'>2.</span> <span class='ocrx_word' id='word_1_32' title='bbox 356 1042 571 1109; x_wconf 80' lang='lat' dir='ltr'>Obtrectotores</span> <span class='ocrx_word' id='word_1_33' title='bbox 585 1043 707 1129; x_wconf 78' lang='lat' dir='ltr'>quondo</span> <span class='ocrx_word' id='word_1_34' title='bbox 721 1050 751 1106; x_wconf 86' lang='lat' dir='ltr'>et</span> <span class='ocrx_word' id='word_1_35' title='bbox 763 1042 905 1127; x_wconf 81' lang='lat' dir='ltr'>quomodo</span> <span class='ocrx_word' id='word_1_36' title='bbox 912 1043 1098 1129; x_wconf 72' lang='lat' dir='ltr'>partiantur.</span> 
     </span>
    </p>
   </div>
   <div class='ocr_carea' id='block_1_4' title="bbox 126 1190 1176 4317">
    <p class='ocr_par' dir='ltr' id='par_1_4' title="bbox 126 1190 1176 4317">
     <span class='ocr_line' id='line_1_7' title="bbox 176 1190 1171 1287; baseline -0.003 -24"><span class='ocrx_word' id='word_1_37' title='bbox 176 1190 337 1263; x_wconf 89' lang='lat' dir='ltr'>Primum</span> <span class='ocrx_word' id='word_1_38' title='bbox 363 1193 473 1287; x_wconf 86' lang='lat' dir='ltr'>igitur</span> <span class='ocrx_word' id='word_1_39' title='bbox 494 1192 561 1262; x_wconf 90' lang='lat' dir='ltr'>hoc</span> <span class='ocrx_word' id='word_1_40' title='bbox 582 1193 815 1262; x_wconf 87' lang='lat' dir='ltr'>constitutum</span> <span class='ocrx_word' id='word_1_41' title='bbox 836 1192 892 1271; x_wconf 93' lang='lat' dir='ltr'>sit,</span> <span class='ocrx_word' id='word_1_42' title='bbox 910 1199 950 1260; x_wconf 86' lang='lat' dir='ltr'>ut</span> <span class='ocrx_word' id='word_1_43' title='bbox 971 1190 1171 1281; x_wconf 88' lang='lat' dir='ltr'>quicunque</span> 
     </span>
     <span class='ocr_line' id='line_1_8' title="bbox 126 1307 1173 1398; baseline -0.004 -17"><span class='ocrx_word' id='word_1_44' title='bbox 126 1310 303 1381; x_wconf 87' lang='lat' dir='ltr'>malitiosa</span> <span class='ocrx_word' id='word_1_45' title='bbox 323 1309 505 1379; x_wconf 85' lang='lat' dir='ltr'>voluntate</span> <span class='ocrx_word' id='word_1_46' title='bbox 531 1332 572 1379; x_wconf 88' lang='lat' dir='ltr'>ac</span> <span class='ocrx_word' id='word_1_47' title='bbox 595 1308 677 1380; x_wconf 92' lang='lat' dir='ltr'>dolo</span> <span class='ocrx_word' id='word_1_48' title='bbox 703 1307 797 1380; x_wconf 86' lang='lat' dir='ltr'>malo</span> <span class='ocrx_word' id='word_1_49' title='bbox 820 1308 948 1379; x_wconf 87' lang='lat' dir='ltr'>famam</span> <span class='ocrx_word' id='word_1_50' title='bbox 967 1308 1173 1398; x_wconf 83' lang='lat' dir='ltr'>cujusquam</span> 
     </span>
     <span class='ocr_line' id='line_1_9' title="bbox 126 1426 1172 1511; baseline -0.001 -12"><span class='ocrx_word' id='word_1_51' title='bbox 126 1428 274 1499; x_wconf 88' lang='lat' dir='ltr'>crimine</span> <span class='ocrx_word' id='word_1_52' title='bbox 304 1428 456 1498; x_wconf 87' lang='lat' dir='ltr'>conficto</span> <span class='ocrx_word' id='word_1_53' title='bbox 485 1450 527 1498; x_wconf 91' lang='lat' dir='ltr'>ac</span> <span class='ocrx_word' id='word_1_54' title='bbox 556 1428 731 1498; x_wconf 89' lang='lat' dir='ltr'>ementito</span> <span class='ocrx_word' id='word_1_55' title='bbox 761 1426 980 1511; x_wconf 83' lang='lat' dir='ltr'>violaverint,</span> <span class='ocrx_word' id='word_1_56' title='bbox 1007 1437 1069 1498; x_wconf 84' lang='lat' dir='ltr'>aut</span> <span class='ocrx_word' id='word_1_57' title='bbox 1098 1426 1172 1498; x_wconf 93' lang='lat' dir='ltr'>ullo</span> 
     </span>
     <span class='ocr_line' id='line_1_10' title="bbox 127 1542 1174 1626; baseline 0 -11"><span class='ocrx_word' id='word_1_58' title='bbox 127 1546 235 1617; x_wconf 90' lang='lat' dir='ltr'>modo</span> <span class='ocrx_word' id='word_1_59' title='bbox 262 1554 303 1615; x_wconf 92' lang='lat' dir='ltr'>nt</span> <span class='ocrx_word' id='word_1_60' title='bbox 332 1544 524 1615; x_wconf 81' lang='lat' dir='ltr'><strong>violaretur</strong></span> <span class='ocrx_word' id='word_1_61' title='bbox 552 1542 744 1626; x_wconf 81' lang='lat' dir='ltr'>effecerint,</span> <span class='ocrx_word' id='word_1_62' title='bbox 771 1553 833 1614; x_wconf 86' lang='lat' dir='ltr'>aut</span> <span class='ocrx_word' id='word_1_63' title='bbox 858 1567 1020 1615; x_wconf 85' lang='lat' dir='ltr'>sermone</span> <span class='ocrx_word' id='word_1_64' title='bbox 1050 1553 1174 1615; x_wconf 90' lang='lat' dir='ltr'>eontu-</span> 
     </span>
     <span class='ocr_line' id='line_1_11' title="bbox 126 1660 1174 1752; baseline 0.001 -21"><span class='ocrx_word' id='word_1_65' title='bbox 126 1662 275 1733; x_wconf 89' lang='lat' dir='ltr'>melioso</span> <span class='ocrx_word' id='word_1_66' title='bbox 300 1672 423 1731; x_wconf 89' lang='lat' dir='ltr'>contra</span> <span class='ocrx_word' id='word_1_67' title='bbox 448 1683 648 1752; x_wconf 81' lang='lat' dir='ltr'>quenquam</span> <span class='ocrx_word' id='word_1_68' title='bbox 675 1670 833 1743; x_wconf 91' lang='lat' dir='ltr'>utuntur,</span> <span class='ocrx_word' id='word_1_69' title='bbox 851 1672 913 1731; x_wconf 87' lang='lat' dir='ltr'>aut</span> <span class='ocrx_word' id='word_1_70' title='bbox 940 1660 1095 1731; x_wconf 92' lang='lat' dir='ltr'>libellum</span> <span class='ocrx_word' id='word_1_71' title='bbox 1123 1662 1174 1732; x_wconf 87' lang='lat' dir='ltr'>fa·</span> 
     </span>
     <span class='ocr_line' id='line_1_12' title="bbox 127 1778 1173 1871; baseline 0 -22"><span class='ocrx_word' id='word_1_72' title='bbox 127 1800 269 1851; x_wconf 89' lang='lat' dir='ltr'>mosum</span> <span class='ocrx_word' id='word_1_73' title='bbox 299 1778 355 1850; x_wconf 91' lang='lat' dir='ltr'>vel</span> <span class='ocrx_word' id='word_1_74' title='bbox 391 1780 456 1871; x_wconf 89' lang='lat' dir='ltr'>ipsi</span> <span class='ocrx_word' id='word_1_75' title='bbox 490 1788 709 1871; x_wconf 85' lang='lat' dir='ltr'>componunt</span> <span class='ocrx_word' id='word_1_76' title='bbox 742 1793 804 1848; x_wconf 90' lang='lat' dir='ltr'>aut</span> <span class='ocrx_word' id='word_1_77' title='bbox 839 1778 1006 1857; x_wconf 85' lang='lat' dir='ltr'>scribunt,</span> <span class='ocrx_word' id='word_1_78' title='bbox 1038 1778 1094 1849; x_wconf 92' lang='lat' dir='ltr'>vel</span> <span class='ocrx_word' id='word_1_79' title='bbox 1127 1778 1173 1849; x_wconf 85' lang='lat' dir='ltr'>ab</span> 
     </span>
     <span class='ocr_line' id='line_1_13' title="bbox 128 1894 1173 1987; baseline -0.003 -21"><span class='ocrx_word' id='word_1_80' title='bbox 128 1894 205 1966; x_wconf 84' lang='lat' dir='ltr'>aliis</span> <span class='ocrx_word' id='word_1_81' title='bbox 229 1894 462 1986; x_wconf 87' lang='lat' dir='ltr'>compositum</span> <span class='ocrx_word' id='word_1_82' title='bbox 489 1901 551 1964; x_wconf 91' lang='lat' dir='ltr'>aut</span> <span class='ocrx_word' id='word_1_83' title='bbox 575 1896 756 1987; x_wconf 88' lang='lat' dir='ltr'>seriptum,</span> <span class='ocrx_word' id='word_1_84' title='bbox 774 1917 855 1964; x_wconf 91' lang='lat' dir='ltr'>cum</span> <span class='ocrx_word' id='word_1_85' title='bbox 873 1895 1082 1976; x_wconf 80' lang='lat' dir='ltr'>invenerint,</span> <span class='ocrx_word' id='word_1_86' title='bbox 1100 1916 1173 1963; x_wconf 91' lang='lat' dir='ltr'>non</span> 
     </span>
     <span class='ocr_line' id='line_1_14' title="bbox 128 2009 1174 2103; baseline -0.002 -22"><span class='ocrx_word' id='word_1_87' title='bbox 128 2010 297 2081; x_wconf 82' lang='lat' dir='ltr'>continuo</span> <span class='ocrx_word' id='word_1_88' title='bbox 324 2018 501 2102; x_wconf 89' lang='lat' dir='ltr'>rumpunt,</span> <span class='ocrx_word' id='word_1_89' title='bbox 525 2019 588 2079; x_wconf 88' lang='lat' dir='ltr'>aut</span> <span class='ocrx_word' id='word_1_90' title='bbox 613 2010 752 2103; x_wconf 84' lang='lat' dir='ltr'>ignibus</span> <span class='ocrx_word' id='word_1_91' title='bbox 777 2020 945 2091; x_wconf 87' lang='lat' dir='ltr'>cremant,</span> <span class='ocrx_word' id='word_1_92' title='bbox 972 2010 1033 2081; x_wconf 87' lang='lat' dir='ltr'>sed</span> <span class='ocrx_word' id='word_1_93' title='bbox 1060 2009 1174 2080; x_wconf 91' lang='lat' dir='ltr'>divul-</span> 
     </span>
     <span class='ocr_line' id='line_1_15' title="bbox 128 2125 1174 2219; baseline 0.001 -24"><span class='ocrx_word' id='word_1_94' title='bbox 128 2138 215 2219; x_wconf 80' lang='lat' dir='ltr'>gant</span> <span class='ocrx_word' id='word_1_95' title='bbox 239 2135 303 2195; x_wconf 89' lang='lat' dir='ltr'>aut</span> <span class='ocrx_word' id='word_1_96' title='bbox 328 2127 366 2195; x_wconf 94' lang='lat' dir='ltr'>in</span> <span class='ocrx_word' id='word_1_97' title='bbox 393 2125 508 2196; x_wconf 92' lang='lat' dir='ltr'>lucem</span> <span class='ocrx_word' id='word_1_98' title='bbox 535 2126 726 2218; x_wconf 87' lang='lat' dir='ltr'>proferunt,</span> <span class='ocrx_word' id='word_1_99' title='bbox 753 2138 816 2195; x_wconf 89' lang='lat' dir='ltr'>aut</span> <span class='ocrx_word' id='word_1_100' title='bbox 841 2126 1087 2218; x_wconf 85' lang='lat' dir='ltr'>proferendum</span> <span class='ocrx_word' id='word_1_101' title='bbox 1113 2150 1174 2197; x_wconf 89' lang='lat' dir='ltr'>cu-</span> 
     </span>
     <span class='ocr_line' id='line_1_16' title="bbox 129 2242 1174 2335; baseline 0.001 -22"><span class='ocrx_word' id='word_1_102' title='bbox 129 2252 218 2325; x_wconf 88' lang='lat' dir='ltr'>rant,</span> <span class='ocrx_word' id='word_1_103' title='bbox 235 2244 387 2335; x_wconf 90' lang='lat' dir='ltr'>primum</span> <span class='ocrx_word' id='word_1_104' title='bbox 406 2242 548 2334; x_wconf 87' lang='lat' dir='ltr'>quidem</span> <span class='ocrx_word' id='word_1_105' title='bbox 567 2243 611 2312; x_wconf 88' lang='lat' dir='ltr'>ab</span> <span class='ocrx_word' id='word_1_106' title='bbox 634 2265 677 2312; x_wconf 92' lang='lat' dir='ltr'>eo</span> <span class='ocrx_word' id='word_1_107' title='bbox 697 2243 753 2312; x_wconf 88' lang='lat' dir='ltr'>cui</span> <span class='ocrx_word' id='word_1_108' title='bbox 770 2242 844 2312; x_wconf 81' lang='lat' dir='ltr'>lraec</span> <span class='ocrx_word' id='word_1_109' title='bbox 864 2243 957 2312; x_wconf 85' lang='lat' dir='ltr'>facta</span> <span class='ocrx_word' id='word_1_110' title='bbox 977 2253 1031 2312; x_wconf 90' lang='lat' dir='ltr'>est</span> <span class='ocrx_word' id='word_1_111' title='bbox 1048 2244 1174 2334; x_wconf 86' lang='lat' dir='ltr'>injuria</span> 
     </span>
     <span class='ocr_line' id='line_1_17' title="bbox 129 2359 1173 2452; baseline 0 -22"><span class='ocrx_word' id='word_1_112' title='bbox 129 2361 172 2447; x_wconf 83' lang='lat' dir='ltr'>(si</span> <span class='ocrx_word' id='word_1_113' title='bbox 207 2360 313 2431; x_wconf 88' lang='lat' dir='ltr'>modo</span> <span class='ocrx_word' id='word_1_114' title='bbox 347 2359 433 2429; x_wconf 88' lang='lat' dir='ltr'>velit</span> <span class='ocrx_word' id='word_1_115' title='bbox 466 2360 628 2452; x_wconf 86' lang='lat' dir='ltr'>injuriam</span> <span class='ocrx_word' id='word_1_116' title='bbox 665 2361 841 2451; x_wconf 86' lang='lat' dir='ltr'>prosequi)</span> <span class='ocrx_word' id='word_1_117' title='bbox 876 2359 1095 2430; x_wconf 86' lang='lat' dir='ltr'>deducantur</span> <span class='ocrx_word' id='word_1_118' title='bbox 1128 2360 1173 2430; x_wconf 89' lang='lat' dir='ltr'>ad</span> 
     </span>
     <span class='ocr_line' id='line_1_18' title="bbox 129 2474 1174 2569; baseline -0.002 -20"><span class='ocrx_word' id='word_1_119' title='bbox 129 2478 285 2549; x_wconf 83' lang='lat' dir='ltr'>ecclesiae</span> <span class='ocrx_word' id='word_1_120' title='bbox 316 2488 490 2569; x_wconf 82' lang='lat' dir='ltr'>pastorem</span> <span class='ocrx_word' id='word_1_121' title='bbox 525 2486 562 2545; x_wconf 89' lang='lat' dir='ltr'>et</span> <span class='ocrx_word' id='word_1_122' title='bbox 596 2477 759 2555; x_wconf 79' lang='lat' dir='ltr'>seniores,</span> <span class='ocrx_word' id='word_1_123' title='bbox 786 2478 844 2568; x_wconf 90' lang='lat' dir='ltr'>qui</span> <span class='ocrx_word' id='word_1_124' title='bbox 875 2474 1001 2546; x_wconf 85' lang='lat' dir='ltr'>talium</span> <span class='ocrx_word' id='word_1_125' title='bbox 1036 2476 1174 2561; x_wconf 53' lang='lat' dir='ltr'>obtrecf</span> 
     </span>
     <span class='ocr_line' id='line_1_19' title="bbox 129 2590 1174 2687; baseline -0.002 -20"><span class='ocrx_word' id='word_1_126' title='bbox 129 2606 286 2667; x_wconf 83' lang='lat' dir='ltr'>tatorum</span> <span class='ocrx_word' id='word_1_127' title='bbox 328 2595 632 2685; x_wconf 87' lang='lat' dir='ltr'>importunitatem</span> <span class='ocrx_word' id='word_1_128' title='bbox 668 2590 757 2663; x_wconf 78' lang='lat' dir='ltr'>acri²</span> <span class='ocrx_word' id='word_1_129' title='bbox 789 2593 1061 2687; x_wconf 87' lang='lat' dir='ltr'>vehementique</span> <span class='ocrx_word' id='word_1_130' title='bbox 1103 2616 1174 2665; x_wconf 89' lang='lat' dir='ltr'>ser·</span> 
     </span>
     <span class='ocr_line' id='line_1_20' title="bbox 128 2708 1174 2804; baseline -0.001 -23"><span class='ocrx_word' id='word_1_131' title='bbox 128 2734 235 2783; x_wconf 88' lang='lat' dir='ltr'>mone</span> <span class='ocrx_word' id='word_1_132' title='bbox 256 2710 553 2804; x_wconf 85' lang='lat' dir='ltr'>perterrefaciant.</span> <span class='ocrx_word' id='word_1_133' title='bbox 598 2709 641 2780; x_wconf 96' lang='lat' dir='ltr'>ln</span> <span class='ocrx_word' id='word_1_134' title='bbox 663 2732 812 2799; x_wconf 91' lang='lat' dir='ltr'>quorum</span> <span class='ocrx_word' id='word_1_135' title='bbox 830 2708 1045 2779; x_wconf 83' lang='lat' dir='ltr'>authoritate</span> <span class='ocrx_word' id='word_1_136' title='bbox 1067 2710 1095 2779; x_wconf 92' lang='lat' dir='ltr'>si</span> <span class='ocrx_word' id='word_1_137' title='bbox 1116 2732 1174 2781; x_wconf 86' lang='lat' dir='ltr'>ae-</span> 
     </span>
     <span class='ocr_line' id='line_1_21' title="bbox 130 2824 1173 2921; baseline -0.002 -23"><span class='ocrx_word' id='word_1_138' title='bbox 130 2829 309 2921; x_wconf 88' lang='lat' dir='ltr'>quieseere</span> <span class='ocrx_word' id='word_1_139' title='bbox 336 2827 456 2907; x_wconf 88' lang='lat' dir='ltr'>velint,</span> <span class='ocrx_word' id='word_1_140' title='bbox 484 2836 521 2896; x_wconf 90' lang='lat' dir='ltr'>et</span> <span class='ocrx_word' id='word_1_141' title='bbox 554 2824 704 2894; x_wconf 89' lang='lat' dir='ltr'>hominis</span> <span class='ocrx_word' id='word_1_142' title='bbox 738 2825 1036 2895; x_wconf 83' lang='lat' dir='ltr'>existimationem</span> <span class='ocrx_word' id='word_1_143' title='bbox 1066 2848 1173 2918; x_wconf 91' lang='lat' dir='ltr'>quam</span> 
     </span>
     <span class='ocr_line' id='line_1_22' title="bbox 129 2939 1172 3035; baseline -0.004 -20"><span class='ocrx_word' id='word_1_144' title='bbox 129 2955 213 3015; x_wconf 88' lang='lat' dir='ltr'>ante</span> <span class='ocrx_word' id='word_1_145' title='bbox 229 2943 414 3013; x_wconf 85' lang='lat' dir='ltr'>calumniis</span> <span class='ocrx_word' id='word_1_146' title='bbox 431 2952 730 3035; x_wconf 82' lang='lat' dir='ltr'>oppugnaverant,</span> <span class='ocrx_word' id='word_1_147' title='bbox 741 2939 946 3033; x_wconf 83' lang='lat' dir='ltr'>recolligere</span> <span class='ocrx_word' id='word_1_148' title='bbox 962 2944 1073 3033; x_wconf 87' lang='lat' dir='ltr'>parati</span> <span class='ocrx_word' id='word_1_149' title='bbox 1091 2943 1172 3023; x_wconf 90' lang='lat' dir='ltr'>sint,</span> 
     </span>
     <span class='ocr_line' id='line_1_23' title="bbox 129 3058 1174 3153; baseline -0.002 -22"><span class='ocrx_word' id='word_1_150' title='bbox 129 3070 301 3153; x_wconf 85' lang='lat' dir='ltr'>quantum</span> <span class='ocrx_word' id='word_1_151' title='bbox 329 3061 365 3129; x_wconf 94' lang='lat' dir='ltr'>in</span> <span class='ocrx_word' id='word_1_152' title='bbox 393 3082 430 3129; x_wconf 89' lang='lat' dir='ltr'>se</span> <span class='ocrx_word' id='word_1_153' title='bbox 455 3068 519 3139; x_wconf 86' lang='lat' dir='ltr'>est,</span> <span class='ocrx_word' id='word_1_154' title='bbox 537 3068 574 3128; x_wconf 89' lang='lat' dir='ltr'>et</span> <span class='ocrx_word' id='word_1_155' title='bbox 600 3080 816 3149; x_wconf 83' lang='lat' dir='ltr'>recuperare,</span> <span class='ocrx_word' id='word_1_156' title='bbox 838 3058 873 3127; x_wconf 88' lang='lat' dir='ltr'>in</span> <span class='ocrx_word' id='word_1_157' title='bbox 900 3080 943 3129; x_wconf 90' lang='lat' dir='ltr'>eo</span> <span class='ocrx_word' id='word_1_158' title='bbox 969 3058 1043 3151; x_wconf 89' lang='lat' dir='ltr'>ipso</span> <span class='ocrx_word' id='word_1_159' title='bbox 1069 3080 1174 3129; x_wconf 80' lang='lat' dir='ltr'>eausa</span> 
     </span>
     <span class='ocr_line' id='line_1_24' title="bbox 130 3174 1174 3267; baseline -0.002 -20"><span class='ocrx_word' id='word_1_160' title='bbox 130 3179 364 3257; x_wconf 88' lang='lat' dir='ltr'>terminetur;</span> <span class='ocrx_word' id='word_1_161' title='bbox 395 3198 460 3244; x_wconf 87' lang='lat' dir='ltr'>nec</span> <span class='ocrx_word' id='word_1_162' title='bbox 482 3174 551 3256; x_wconf 89' lang='lat' dir='ltr'>ille,</span> <span class='ocrx_word' id='word_1_163' title='bbox 571 3175 629 3266; x_wconf 89' lang='lat' dir='ltr'>qui</span> <span class='ocrx_word' id='word_1_164' title='bbox 654 3174 837 3245; x_wconf 87' lang='lat' dir='ltr'>calumniis</span> <span class='ocrx_word' id='word_1_165' title='bbox 860 3174 966 3243; x_wconf 86' lang='lat' dir='ltr'>fuerit</span> <span class='ocrx_word' id='word_1_166' title='bbox 984 3176 1174 3267; x_wconf 87' lang='lat' dir='ltr'>appetitus,</span> 
     </span>
     <span class='ocr_line' id='line_1_25' title="bbox 130 3291 1175 3379; baseline 0.001 -15"><span class='ocrx_word' id='word_1_167' title='bbox 130 3293 240 3365; x_wconf 88' lang='lat' dir='ltr'>ullam</span> <span class='ocrx_word' id='word_1_168' title='bbox 269 3294 350 3379; x_wconf 33' lang='lat' dir='ltr'>suis·</span> <span class='ocrx_word' id='word_1_169' title='bbox 373 3292 669 3362; x_wconf 85' lang='lat' dir='ltr'>obtrectatoribus</span> <span class='ocrx_word' id='word_1_170' title='bbox 702 3292 884 3363; x_wconf 88' lang='lat' dir='ltr'>exhibebit</span> <span class='ocrx_word' id='word_1_171' title='bbox 913 3291 1017 3361; x_wconf 88' lang='lat' dir='ltr'>aliam</span> <span class='ocrx_word' id='word_1_172' title='bbox 1048 3292 1175 3365; x_wconf 87' lang='lat' dir='ltr'>moles-</span> 
     </span>
     <span class='ocr_line' id='line_1_26' title="bbox 130 3406 1175 3497; baseline -0.001 -17"><span class='ocrx_word' id='word_1_173' title='bbox 130 3412 228 3492; x_wconf 89' lang='lat' dir='ltr'>tiam,</span> <span class='ocrx_word' id='word_1_174' title='bbox 248 3433 315 3479; x_wconf 89' lang='lat' dir='ltr'>nec</span> <span class='ocrx_word' id='word_1_175' title='bbox 343 3406 421 3477; x_wconf 92' lang='lat' dir='ltr'>illos</span> <span class='ocrx_word' id='word_1_176' title='bbox 446 3407 648 3497; x_wconf 87' lang='lat' dir='ltr'>adjudices</span> <span class='ocrx_word' id='word_1_177' title='bbox 678 3408 871 3476; x_wconf 88' lang='lat' dir='ltr'>ordinarios</span> <span class='ocrx_word' id='word_1_178' title='bbox 899 3408 1024 3477; x_wconf 88' lang='lat' dir='ltr'>trahet.</span> <span class='ocrx_word' id='word_1_179' title='bbox 1076 3407 1175 3479; x_wconf 90' lang='lat' dir='ltr'>Nam</span> 
     </span>
     <span class='ocr_line' id='line_1_27' title="bbox 130 3521 1174 3617; baseline -0.002 -22"><span class='ocrx_word' id='word_1_180' title='bbox 130 3526 303 3617; x_wconf 84' lang='lat' dir='ltr'>praeeipua</span> <span class='ocrx_word' id='word_1_181' title='bbox 326 3544 464 3613; x_wconf 86' lang='lat' dir='ltr'>semper</span> <span class='ocrx_word' id='word_1_182' title='bbox 487 3521 576 3589; x_wconf 89' lang='lat' dir='ltr'>ratio</span> <span class='ocrx_word' id='word_1_183' title='bbox 600 3521 722 3590; x_wconf 87' lang='lat' dir='ltr'>salutis</span> <span class='ocrx_word' id='word_1_184' title='bbox 745 3523 939 3590; x_wconf 85' lang='lat' dir='ltr'>animarum</span> <span class='ocrx_word' id='word_1_185' title='bbox 958 3543 1032 3591; x_wconf 85' lang='lat' dir='ltr'>esse</span> <span class='ocrx_word' id='word_1_186' title='bbox 1056 3522 1174 3607; x_wconf 90' lang='lat' dir='ltr'>debet,</span> 
     </span>
     <span class='ocr_line' id='line_1_28' title="bbox 130 3638 1174 3733; baseline -0.005 -20"><span class='ocrx_word' id='word_1_187' title='bbox 130 3652 167 3713; x_wconf 88' lang='lat' dir='ltr'>et</span> <span class='ocrx_word' id='word_1_188' title='bbox 188 3651 349 3733; x_wconf 89' lang='lat' dir='ltr'>sumptus</span> <span class='ocrx_word' id='word_1_189' title='bbox 375 3661 444 3708; x_wconf 93' lang='lat' dir='ltr'>non</span> <span class='ocrx_word' id='word_1_190' title='bbox 471 3638 666 3720; x_wconf 86' lang='lat' dir='ltr'>necessarii,</span> <span class='ocrx_word' id='word_1_191' title='bbox 684 3648 854 3729; x_wconf 89' lang='lat' dir='ltr'>quantum</span> <span class='ocrx_word' id='word_1_192' title='bbox 882 3639 974 3719; x_wconf 87' lang='lat' dir='ltr'>lieet,</span> <span class='ocrx_word' id='word_1_193' title='bbox 993 3649 1075 3708; x_wconf 90' lang='lat' dir='ltr'>sunt</span> <span class='ocrx_word' id='word_1_194' title='bbox 1100 3661 1174 3708; x_wconf 91' lang='lat' dir='ltr'>am-</span> 
     </span>
     <span class='ocr_line' id='line_1_29' title="bbox 128 3752 1176 3851; baseline -0.005 -21"><span class='ocrx_word' id='word_1_195' title='bbox 128 3758 287 3851; x_wconf 87' lang='lat' dir='ltr'>putandi.</span> <span class='ocrx_word' id='word_1_196' title='bbox 340 3754 475 3825; x_wconf 90' lang='lat' dir='ltr'>Verum</span> <span class='ocrx_word' id='word_1_197' title='bbox 509 3754 709 3848; x_wconf 86' lang='lat' dir='ltr'>hujusmodi</span> <span class='ocrx_word' id='word_1_198' title='bbox 739 3752 1010 3823; x_wconf 85' lang='lat' dir='ltr'>calumniatores</span> <span class='ocrx_word' id='word_1_199' title='bbox 1043 3766 1080 3823; x_wconf 87' lang='lat' dir='ltr'>et</span> <span class='ocrx_word' id='word_1_200' title='bbox 1114 3754 1176 3825; x_wconf 92' lang='lat' dir='ltr'>ob·</span> 
     </span>
     <span class='ocr_line' id='line_1_30' title="bbox 129 3872 1176 3964; baseline -0.007 -17"><span class='ocrx_word' id='word_1_201' title='bbox 129 3884 337 3948; x_wconf 87' lang='lat' dir='ltr'>trectatores</span> <span class='ocrx_word' id='word_1_202' title='bbox 362 3874 390 3942; x_wconf 87' lang='lat' dir='ltr'>si</span> <span class='ocrx_word' id='word_1_203' title='bbox 414 3872 541 3942; x_wconf 88' lang='lat' dir='ltr'>nolunt</span> <span class='ocrx_word' id='word_1_204' title='bbox 563 3872 775 3942; x_wconf 85' lang='lat' dir='ltr'>salutaribus</span> <span class='ocrx_word' id='word_1_205' title='bbox 797 3881 976 3964; x_wconf 89' lang='lat' dir='ltr'>pastorum</span> <span class='ocrx_word' id='word_1_206' title='bbox 1003 3883 1039 3941; x_wconf 85' lang='lat' dir='ltr'>et</span> <span class='ocrx_word' id='word_1_207' title='bbox 1062 3872 1176 3941; x_wconf 91' lang='lat' dir='ltr'>senio-</span> 
     </span>
     <span class='ocr_line' id='line_1_31' title="bbox 129 3988 1176 4086; baseline -0.007 -21"><span class='ocrx_word' id='word_1_208' title='bbox 129 4018 206 4065; x_wconf 89' lang='lat' dir='ltr'>rum</span> <span class='ocrx_word' id='word_1_209' title='bbox 225 3992 411 4086; x_wconf 85' lang='lat' dir='ltr'>praeceptis</span> <span class='ocrx_word' id='word_1_210' title='bbox 435 3989 580 4075; x_wconf 87' lang='lat' dir='ltr'>inflecti,</span> <span class='ocrx_word' id='word_1_211' title='bbox 598 4000 675 4059; x_wconf 93' lang='lat' dir='ltr'>tum</span> <span class='ocrx_word' id='word_1_212' title='bbox 694 3990 838 4059; x_wconf 87' lang='lat' dir='ltr'>demum</span> <span class='ocrx_word' id='word_1_213' title='bbox 859 3990 903 4059; x_wconf 88' lang='lat' dir='ltr'>ad</span> <span class='ocrx_word' id='word_1_214' title='bbox 928 3989 1020 4080; x_wconf 87' lang='lat' dir='ltr'>ipsos</span> <span class='ocrx_word' id='word_1_215' title='bbox 1036 3988 1176 4080; x_wconf 90' lang='lat' dir='ltr'>judiees</span> 
     </span>
     <span class='ocr_line' id='line_1_32' title="bbox 129 4104 1176 4196; baseline -0.01 -13"><span class='ocrx_word' id='word_1_216' title='bbox 129 4110 383 4182; x_wconf 84' lang='lat' dir='ltr'>ecclesiasticos</span> <span class='ocrx_word' id='word_1_217' title='bbox 406 4106 546 4176; x_wconf 91' lang='lat' dir='ltr'>illorum</span> <span class='ocrx_word' id='word_1_218' title='bbox 571 4107 716 4176; x_wconf 90' lang='lat' dir='ltr'>nomina</span> <span class='ocrx_word' id='word_1_219' title='bbox 741 4105 953 4186; x_wconf 84' lang='lat' dir='ltr'>deferantur,</span> <span class='ocrx_word' id='word_1_220' title='bbox 972 4104 1063 4196; x_wconf 88' lang='lat' dir='ltr'>apud</span> <span class='ocrx_word' id='word_1_221' title='bbox 1089 4125 1176 4195; x_wconf 91' lang='lat' dir='ltr'>quos</span> 
     </span>
     <span class='ocr_line' id='line_1_33' title="bbox 130 4220 1176 4317; baseline -0.01 -18"><span class='ocrx_word' id='word_1_222' title='bbox 130 4233 226 4317; x_wconf 76' lang='lat' dir='ltr'>lcum</span> <span class='ocrx_word' id='word_1_223' title='bbox 253 4224 449 4295; x_wconf 84' lang='lat' dir='ltr'>manifestis</span> <span class='ocrx_word' id='word_1_224' title='bbox 472 4223 736 4315; x_wconf 86' lang='lat' dir='ltr'>probationibus</span> <span class='ocrx_word' id='word_1_225' title='bbox 761 4224 805 4292; x_wconf 88' lang='lat' dir='ltr'>de</span> <span class='ocrx_word' id='word_1_226' title='bbox 831 4220 1013 4291; x_wconf 86' lang='lat' dir='ltr'>ealumniis</span> <span class='ocrx_word' id='word_1_227' title='bbox 1035 4220 1176 4290; x_wconf 91' lang='lat' dir='ltr'>illorum</span> 
     </span>
    </p>
   </div>
   <div class='ocr_carea' id='block_1_5' title="bbox 332 4359 972 4422">
    <p class='ocr_par' dir='ltr' id='par_1_5' title="bbox 332 4359 972 4422">
     <span class='ocr_line' id='line_1_34' title="bbox 332 4359 972 4422; baseline -0.008 0"><span class='ocrx_word' id='word_1_228' title='bbox 332 4361 341 4407; x_wconf 82' lang='lat'>¹</span> <span class='ocrx_word' id='word_1_229' title='bbox 358 4362 568 4422; x_wconf 86' lang='lat' dir='ltr'>denunciemus.</span> <span class='ocrx_word' id='word_1_230' title='bbox 822 4359 837 4404; x_wconf 77' lang='lat'><strong>²</strong></span> <span class='ocrx_word' id='word_1_231' title='bbox 851 4362 908 4419; x_wconf 86' lang='lat' dir='ltr'>scri</span> <span class='ocrx_word' id='word_1_232' title='bbox 922 4380 972 4418; x_wconf 90' lang='lat' dir='ltr'>om.</span> 
     </span>
    </p>
   </div>
   <div class='ocr_carea' id='block_1_6' title="bbox 0 0 1356 4800">
    <p class='ocr_par' dir='ltr' id='par_1_6' title="bbox 0 0 1356 4800">
     <span class='ocr_line' id='line_1_35' title="bbox 0 0 1356 4800; baseline 0 0"><span class='ocrx_word' id='word_1_233' title='bbox 0 0 1356 4800; x_wconf 95' lang='lat' dir='ltr'> </span> 
     </span>
    </p>
   </div>
  </div>
 </body>
</html>
