2692 4800
146 276 218 354 162
505 296 554 346 nn
579 294 832 346 susrnusroun.
1202 291 1245 368 op

145 458 218 520 ant.
270 447 341 532 Qui
366 470 449 519 vero
471 457 556 518 sunt
578 449 703 520 ordine
724 447 813 519 laico
836 449 865 520 si
889 446 972 519 talis
997 448 1195 543 pertinacia

144 566 197 636 rei
216 565 360 650 fuerint,
377 564 551 635 arbitratu
562 564 696 657 judicis
712 564 916 660 gravissime
932 566 1141 658 puniantur.

200 785 277 872 Cap.
292 785 321 851 8.
345 785 495 866 Qum
501 784 638 872 ferenda
651 784 855 872 mapamoais
869 794 896 850 et
909 784 1149 851 maanaim·

537 889 630 954 tt'om'a
649 889 803 953 amtomia.

196 1025 264 1097 Cui
283 1025 359 1119 (qui
382 1025 462 1120 plus
485 1031 554 1119 est)
572 1028 883 1100 excommunicare
900 1023 998 1111 lieet,
1016 1026 1072 1098 illi
1091 1025 1198 1121 (quod

146 1145 263 1215 minus
285 1141 354 1232 est)
372 1143 588 1237 suspendere
609 1143 741 1225 licebit,
759 1142 822 1214 sed
840 1141 959 1215 nullus
980 1143 1111 1215 harum
1127 1166 1201 1237 poe-

146 1282 273 1331 narum
292 1261 509 1332 sententiam
525 1258 668 1354 publice
691 1258 864 1342 recitabit,
881 1259 950 1329 nisi
975 1257 1089 1331 literis
1105 1282 1202 1331 oom-

147 1377 357 1468 prehensam
375 1385 413 1448 et
422 1375 556 1468 judicis
573 1376 735 1470 legitimo
750 1376 852 1470 signo
869 1376 1059 1447 munitam.

277 1589 355 1675 Cap.
365 1609 395 1674 9.
419 1591 461 1653 In
475 1599 567 1654 mom
582 1597 776 1655 sacramenta
789 1597 861 1654 aaut
874 1587 1072 1656 medena.

199 1730 272 1815 Qui
295 1730 483 1801 criminum
509 1729 829 1802 ecelesiasticorum
853 1729 904 1800 rei
927 1737 1022 1813 sunt,
1047 1728 1135 1826 lieet
1157 1731 1203 1802 ab

147 1846 305 1919 eeclesia
338 1845 566 1917 sacramentis
599 1852 861 1929 removeantur,
896 1853 1018 1918 tamen
1052 1867 1102 1918 ex
1136 1846 1203 1919 hae

147 1964 222 2034 vita
238 1965 267 2035 si
288 1963 381 2035 forte
398 1962 582 2056 migraturi
600 1962 681 2044 sint,
696 1969 734 2032 et
751 1984 846 2033 verae
862 1961 1086 2054 poenitentiae
1103 1963 1203 2059 signa

147 2079 323 2163 dederint,
349 2079 562 2150 Christianae
593 2078 776 2151 charitatis
809 2087 865 2150 est
898 2088 1203 2154 sacramentorum

92 2295 98 2307 Ι
146 2193 217 2267 illis
246 2217 349 2267 usum
379 2195 560 2266 exhibere.
613 2194 685 2279 Qui
714 2218 800 2266 vero
829 2194 955 2267 mortis
984 2197 1203 2269 sententiam

146 2321 370 2405 aeceperunt,
388 2312 417 2382 si
437 2313 632 2383 incarcere
656 2310 797 2383 detenti
820 2334 934 2384 eoenae
951 2311 1100 2385 Domini
1124 2336 1205 2408 par·

147 2428 273 2521 tioipes
302 2450 379 2500 esso
409 2450 481 2500 non
510 2435 668 2521 possunt,
696 2426 889 2522 diiigenter
917 2427 963 2500 ab
992 2427 1115 2522 aliquo
1143 2430 1205 2524 pio

148 2546 223 2616 viro
248 2545 376 2615 instrui
403 2544 537 2616 debent
554 2543 735 2616 Christum
759 2547 989 2617 sacramentis
1014 2544 1206 2642 alligatum

148 2683 220 2733 non
249 2683 335 2742 esse,
363 2661 427 2731 sed
454 2660 500 2731 ab
529 2660 592 2731 illo
617 2669 919 2733 sacramentorum
943 2662 1207 2735 authoritatem

149 2786 187 2851 et
209 2777 282 2846 vim
308 2776 490 2871 proficisci.
544 2776 770 2870 Quapropter
789 2777 835 2848 ad
862 2776 964 2848 illum
985 2779 1014 2848 si
1040 2790 1205 2852 mentam

149 2916 289 2965 sursum
316 2893 464 2988 erigant,
491 2894 591 2964 etin
619 2892 713 2963 illius
743 2903 897 2965 mortem
921 2894 1039 2966 stabili
1070 2919 1113 2967 ae
1139 2898 1209 2968 im-

150 3019 248 3081 mota
273 3009 345 3080 fide
371 3009 535 3104 dirigant,
556 3007 691 3079 Christi
717 3032 859 3080 carnem
886 3010 1206 3095 manducaverunt,

150 3129 285 3220 atejus
308 3125 515 3218 sanguinem
540 3124 799 3196 combiberunt.
840 3125 921 3210 Qua
942 3127 979 3197 in
1002 3150 1042 3200 re
1065 3136 1108 3199 ut
1130 3150 1208 3200 me-

151 3242 221 3314 lius
254 3242 450 3313 confirmari
486 3241 630 3334 possint,
660 3240 814 3334 aliquem
850 3241 949 3334 pium
983 3251 1023 3316 et
1056 3243 1204 3317 doctum

151 3359 307 3432 eeclesiae
332 3359 534 3428 ministrum
560 3358 605 3428 ad
632 3380 693 3429 eos
718 3358 878 3429 adhiberi
904 3360 1127 3445 mandamus,
1144 3361 1202 3455 qni

152 3499 265 3548 unum
283 3474 340 3545 vel
363 3475 452 3546 duos
469 3474 544 3545 dies
565 3474 612 3545 ad
636 3474 778 3544 illorum
796 3474 903 3545 fidem
927 3476 1202 3551 confirmandam

153 3602 191 3665 et
207 3591 494 3664 exaedificandum
518 3598 645 3673 sumat,
664 3590 866 3683 priusquam
889 3593 935 3662 ad
960 3601 1114 3666 mortem
1132 3605 1202 3666 tru·

154 3709 294 3791 dantur,
312 3718 353 3777 ut
375 3706 602 3778 alacrioribus
623 3707 750 3777 animis
767 3730 814 3778 ex
837 3707 904 3779 hae
920 3709 994 3779 vita
1017 3710 1200 3794 deeedant,

154 3835 193 3897 et
216 3825 427 3919 patientiam
450 3846 492 3893 ae
512 3821 677 3893 solatium
701 3847 747 3895 ex
770 3825 876 3894 sacris
901 3824 1084 3919 seripturis
1108 3827 1201 3899 eolli-

154 3949 290 4036 gentes,
321 3939 492 4011 scelerum
525 3938 768 4031 desperatione
803 3939 951 4022 sublata,
983 3940 1137 4014 fidenter
1164 3963 1199 4013 aa

154 4064 251 4128 oerta
267 4079 329 4149 spe
346 4055 391 4125 ad
406 4055 526 4126 Deum
544 4055 795 4126 misericordiae
813 4064 951 4148 patrem
969 4065 1008 4127 et
1019 4029 1198 4130 Christum

152 4180 281 4240 nostrae
299 4169 422 4240 salutis
441 4167 629 4240 authorem
646 4178 806 4264 pergant.
