2692 4800
150 273 209 311 xxx
354 255 445 314 REG.
469 256 594 313 HENR.
610 255 760 313 OCTAVI
783 255 985 314 EPISTOLA.

149 415 300 474 testatem
323 408 396 473 huie
418 431 489 473 oum
505 409 610 473 divino
632 432 762 475 munere
784 409 945 474 sublatum
965 430 1035 473 esse
1053 408 1192 473 moniles

149 519 218 576 tum
243 519 303 586 est,
326 518 360 575 et
382 533 422 575 ne
444 511 519 596 quid
546 520 736 597 superesset,
761 534 824 597 quo
848 533 912 575 non
941 511 1035 597 plone
1061 510 1192 575 uacum

149 614 232 679 illius
246 613 309 677 vim
329 636 397 678 esse
416 620 588 690 constaret,
604 615 689 701 leges
710 636 820 679 omnes
842 614 972 678 deorets
993 619 1094 699 etque
1111 611 1193 678 insti

151 726 231 796 tute,
263 740 334 802 quae
362 718 405 782 sb
433 718 569 782 authore
594 718 742 804 episeopo
768 717 913 782 Romano
938 717 1084 801 profesto
1113 723 1193 786 sunt

149 843 278 907 prorsus
300 821 487 907 abrogando
508 821 698 885 sensuimus.
751 821 894 902 Quorum
915 818 994 896 looo,
1017 826 1056 884 ut
1076 818 1195 884 lucilius

150 923 345 1008 inposterum
362 922 423 986 Dei
446 921 559 1007 optimi
581 922 710 987 maximi
732 922 834 1010 glorie
857 922 1044 999 illustretur,
1068 929 1102 986 et
1124 943 1195 987 vers

149 1025 349 1112 philosophis
374 1024 558 1090 Christiane
587 1046 783 1111 regnumque
809 1024 929 1090 (lhristi
953 1024 1059 1111 vigere
1086 1024 1193 1110 possit,

150 1135 183 1193 et
206 1150 269 1214 quo
291 1127 398 1192 omnin
419 1127 569 1192 deoenter
591 1132 625 1191 et
646 1127 757 1191 ordine
779 1126 812 1191 in
836 1124 955 1192 Christi
978 1125 1040 1190 lise
1065 1125 1195 1192 ooolesis

149 1238 323 1317 gerentum
348 1251 387 1294 en
403 1228 493 1294 vobis
504 1229 704 1294 authoritate
719 1237 829 1294 nostro
847 1228 951 1293 editss
973 1228 1059 1314 leges
1074 1227 1193 1306 demus,

150 1355 230 1419 quos
250 1355 271 1398 s
293 1332 382 1397 vobis
404 1332 549 1396 omnibus
571 1332 687 1417 suscipi
709 1332 770 1395 ooli
792 1338 826 1396 et
847 1329 1007 1396 observari
1031 1330 1194 1408 volumus;

150 1443 184 1501 et
204 1437 263 1500 sub
278 1443 395 1500 nostrae
415 1434 643 1521 indignationis
663 1457 759 1521 poeno
778 1435 975 1513 mundamus,
991 1440 1028 1499 ut
1043 1434 1194 1500 vestmin

150 1539 255 1603 Deum
277 1539 391 1623 pietas,
415 1558 505 1601 emor
527 1558 604 1622 erge
624 1536 773 1622 patriam,
796 1535 1034 1621 principemque
1056 1541 1194 1601 vestrum

149 1638 339 1714 obedientie,
350 1660 413 1702 non
428 1637 496 1702 sine
510 1638 664 1702 immenso
675 1635 772 1701 divini
786 1635 923 1700 nominis
936 1635 1039 1723 gloria
1048 1636 1194 1702 omnibus

149 1740 319 1827 oonspiouo
334 1741 389 1817 sit,
402 1762 441 1805 oo
456 1740 665 1826 vosmetipsos
681 1762 746 1804 non
760 1738 864 1803 miuus
879 1739 919 1802 de
933 1738 1048 1803 vestris
1065 1739 1194 1806 rationi·

149 1845 209 1908 bus
230 1842 381 1907 sollioitos
402 1842 590 1919 ostendetis,
605 1865 702 1928 quom
722 1863 782 1929 ego
796 1849 904 1908 vestro
921 1842 1075 1908 consede
1092 1842 1193 1909 odioio

148 1945 262 2011 fuerim
279 1967 372 2021 meo;
396 1946 509 2010 stricte
526 1946 755 2033 praeoipientes,
772 1952 809 2011 ut
829 1945 879 2009 his
900 1945 1018 2011 nostris
1039 1947 1192 2013 eonstitu-

148 2045 288 2110 tionibus
314 2068 369 2110 vos
394 2068 503 2111 omues
530 2054 563 2111 et
589 2047 702 2132 singuli
729 2053 797 2111 tem
822 2045 855 2108 in
880 2045 1011 2132 judiciis
1037 2069 1136 2133 quom
1161 2048 1191 2113 iu

148 2149 319 2233 gymnasiis
344 2148 489 2225 utamini,
515 2171 622 2214 severe
648 2148 862 2235 prohibentes,
887 2170 926 2213 ne
952 2149 1123 2236 quisquam
1146 2173 1192 2217 se

149 2257 251 2314 strum
272 2251 350 2316 olins
376 2258 495 2335 praeter
518 2253 577 2317 hos
606 2259 639 2316 et
668 2251 758 2338 regni
784 2251 886 2316 nostri
912 2252 997 2339 leges
1022 2253 1192 2320 admittere

149 2360 330 2436 praesumot.
369 2353 494 2418 Velete.

443 2676 891 2687 -——-——-————

326 2906 432 2977 REX
460 2903 782 2978 EDOVARDUS
809 2907 1014 2980 SEXTUS.

151 3267 465 3417 EDOVARDUS
490 3273 608 3341 sextus,
628 3266 691 3330 Dei
713 3267 822 3353 grstia
837 3267 971 3353 Angliae,
991 3267 1146 3349 Frenoiae,
1161 3276 1193 3334 et

224 3368 388 3433 Hibemiae
406 3391 472 3446 rex,
482 3368 556 3432 lidei
572 3368 728 3446 defensor,
744 3376 778 3433 et
790 3369 822 3432 iu
834 3376 922 3434 terro
936 3370 1076 3435 eoolesiae
1082 3370 1192 3457 Angli-

147 3495 234 3538 oenae
245 3480 279 3538 et
289 3472 471 3537 Hibernioae
482 3493 663 3556 supremum
672 3478 780 3556 eaput,
791 3472 1052 3536 reverendissimo
1061 3473 1095 3536 in
1105 3473 1192 3538 Olui·

147 3583 198 3639 sto
213 3576 309 3660 patri,
319 3574 450 3638 Thomae
466 3574 576 3638 endem
590 3573 696 3659 gratio
706 3573 929 3639 Oontuuriensi
945 3573 1192 3660 archiepiscopo,

146 3677 246 3741 totius
270 3677 394 3763 Angliae
416 3676 545 3762 primati
565 3684 600 3741 et
622 3676 878 3762 metropolitano,
901 3676 1137 3762 reverendoque
1160 3678 1192 3742 in

147 3780 275 3846 Christo
290 3780 385 3865 patri,
401 3781 531 3846 Thomae
548 3779 666 3844 Eliensi
682 3780 840 3865 episeopo,
856 3801 895 3844 so
910 3778 1033 3843 dilectis
1048 3778 1141 3843 nobis
1160 3779 1191 3843 in

146 3883 283 3960 Christo,
295 3882 455 3947 Riohordo
465 3883 533 3948 Oox
548 3882 794 3967 eleemosynario
809 3888 931 3958 nostro,
943 3882 1041 3945 Petro
1055 3881 1191 3968 Msrtyr,

145 4007 244 4050 suorae
259 3983 428 4070 theologiae
443 3984 682 4068 professoribus,
695 3982 890 4046 Willihelmo
908 3981 1014 4066 Msye,
1026 3981 1193 4047 Ronlando
1221 4061 1229 4071 ,.

146 4087 284 4172 Taylour
305 4087 345 4151 de
362 4085 499 4170 Hodley,
514 4085 618 4171 legum
641 4085 834 4163 doctoribus,
859 4106 917 4148 neo
939 4105 1003 4146 non
1021 4082 1146 4148 dilectis
1161 4093 1194 4151 et

144 4189 288 4254 fidelibus
314 4189 441 4265 uostris,
469 4189 492 4252 J
495 4187 611 4252 ohonni
638 4187 742 4253 Lucos
768 4195 802 4252 et
826 4186 985 4251 Richardo
1010 4187 1192 4252 Gooderilre
