2692 4800
154 261 225 327 120
492 278 541 328 un
566 278 772 344 acaununs,
800 259 865 333 &c
1198 288 1252 364 cp

152 440 278 503 nentes
303 441 381 501 tum
407 431 575 524 publicas,
602 440 680 502 tum
705 433 760 503 sui
785 431 927 527 collegii
951 435 1108 527 privatas
1132 458 1186 507 ne·

150 548 337 642 glexerint,
352 557 451 640 porte
468 549 521 618 sui
538 549 643 619 annui
662 549 828 642 stipendii
844 548 890 620 ed
906 550 1094 622 arbitrium
1111 575 1189 646 pra-

151 664 234 735 fecti
270 663 409 758 collegii
450 662 678 747 mulctentur,
713 666 779 736 nisi
814 665 1019 738 valetudine
1051 669 1188 742 adversa

151 781 397 874 impediantur.

299 993 375 1077 (lap.
391 1013 422 1071 4.
445 993 493 1055 Dc
507 991 646 1075 tlcolopis
660 991 857 1057 admittendis
871 992 916 1057 od
924 994 1054 1080 produc.

200 1129 351 1212 Quando
381 1127 578 1200 scholastici
610 1127 768 1223 theologi
795 1129 854 1201 vol
880 1130 1113 1217 baocalaurei,
1137 1131 1206 1205 rel·

150 1247 312 1318 doctores
337 1246 561 1328 creabuntur,
586 1246 630 1317 de
656 1246 830 1338 capitibus
855 1247 891 1316 in
917 1246 1090 1342 religione
1113 1271 1188 1321 oon·

149 1364 314 1434 troversis
347 1361 537 1456 diligenter
578 1364 849 1456 interrogentur,
884 1386 1001 1457 neque
1044 1366 1089 1436 ad
1130 1365 1187 1438 hos

104 1575 106 1578 Α
148 1478 278 1572 gradus
294 1479 539 1563 admittantur,
557 1479 624 1548 nisi
641 1478 838 1572 legitimam
857 1501 1048 1573 veramque
1066 1480 1188 1552 intelli·

148 1595 305 1687 gentiam
331 1593 368 1662 in
394 1594 567 1687 capitibus
591 1596 780 1687 propositis
804 1603 842 1666 st
864 1617 1027 1668 sermone
1048 1607 1088 1669 et
1112 1596 1186 1670 sub·

149 1711 337 1802 scriptione
354 1710 466 1780 velint
483 1731 683 1804 agnoscere.

213 1923 289 2008 Cap.
306 1943 336 2007 5.
367 1924 407 1987 Ut
422 1924 455 1986 ia
470 1924 941 1989 academiisooaoommonatar
953 1924 1133 2010 quibudam

582 2025 758 2090 recordatio.

198 2165 241 2234 In
258 2166 447 2235 academiis
465 2173 502 2234 et
516 2164 673 2259 collegiis
691 2188 761 2235 non
775 2175 990 2250 remaneant,
1003 2167 1065 2258 qui
1083 2190 1189 2239 sacer·

147 2281 244 2352 dotia
262 2291 343 2352 sunt
360 2283 510 2352 assecuti
529 2282 656 2383 quibus
673 2282 876 2352 animarum
898 2304 982 2352 cura
994 2285 1191 2379 ‚conjuncta

146 2409 210 2481 est,
234 2422 316 2469 cum
340 2397 482 2468 illorum
508 2397 552 2468 ad
584 2397 798 2490 pascendum
824 2421 969 2493 gregem
995 2400 1064 2470 sibi
1096 2424 1188 2473 com-

146 2516 291 2585 missum
316 2517 501 2607 praesentia
518 2515 725 2605 requiratur.
779 2514 872 2598 Quia
893 2524 1011 2585 tamen
1030 2517 1192 2610 primitia

146 2632 258 2701 abeis
284 2631 458 2703 solvendae
484 2639 577 2710 sunt,
595 2631 697 2722 primi
722 2633 804 2700 anni
826 2640 1000 2723 respectu,
1018 2655 1103 2704 cum
1121 2635 1192 2705 fue

145 2749 216 2817 rint
260 2749 343 2818 socii
386 2746 627 2841 collegiorum,
662 2749 745 2817 inde
779 2757 919 2818 tantum
960 2750 1191 2839 emolumenti

146 2867 330 2958 accipiant,
349 2873 521 2957 quantum
541 2865 591 2934 eis
609 2866 753 2934 daretur
769 2864 812 2934 ad
830 2865 914 2935 anni
931 2866 1043 2937 totius
1061 2869 1193 2962 impen-

145 3004 199 3053 sas
223 2982 480 3062 sustentandas,
499 2983 527 3050 si
551 2983 586 3050 in
609 2980 767 3074 collegiis
789 2982 964 3052 adessent.
1018 2982 1092 3067 Qui
1114 3008 1192 3055 vero

146 3099 353 3192 praebendas
378 3098 472 3167 nacti
498 3099 630 3168 fuerint
656 3097 789 3189 absque
818 3121 902 3168 cura
929 3099 1141 3186 animarum,
1166 3105 1193 3171 si

146 3216 317 3309 primitias
350 3223 522 3307 cogantur
559 3213 706 3296 solvere,
742 3215 856 3305 primo
889 3237 982 3284 anno
1026 3216 1194 3309 impensis

146 3331 285 3426 collegii
308 3331 360 3400 sui
379 3331 496 3401 vivere
518 3339 697 3423 poterunt,
717 3331 844 3399 deinde
869 3330 940 3400 suis
963 3330 1122 3403 ecclesiis
1145 3334 1192 3404 in·

146 3450 275 3520 servire
293 3456 473 3541 cogantur,
490 3448 555 3517 nisi
574 3447 721 3516 fortasse
739 3447 784 3516 ab
802 3448 965 3539 episcopo
983 3458 1021 3517 et
1039 3449 1195 3541 capitulo

146 3589 209 3636 suo
227 3573 440 3657 potestatem
458 3564 725 3657 impetraverint
739 3564 980 3633 commorandi
993 3564 1038 3634 ad
1052 3564 1194 3658 aliquod

146 3692 288 3774 tempus
314 3683 349 3751 in
366 3681 556 3765 academia,
574 3690 615 3749 ut
641 3680 677 3747 in
695 3679 869 3771 capitibus
896 3679 941 3748 de
964 3681 1196 3752 admittendis

146 3799 190 3868 ad
217 3798 453 3868 ecclesiastica
478 3796 660 3877 beneficia,
682 3803 719 3864 et
745 3796 790 3864 de
817 3795 1065 3887 praebendariis
1090 3808 1196 3868 antea

147 3925 293 3986 cautum
319 3923 396 3996 est3
427 3935 496 4004 quo
522 3922 683 4003 tempore
710 3913 781 3982 suis
808 3914 962 4005 ipsorum
982 3913 1105 3983 vivent
1131 3915 1196 3984 im-

147 4033 272 4124 pensis,
302 4051 418 4121 neque
448 4052 469 4098 a
503 4028 661 4121 collegiis
691 4029 866 4121 impensas
897 4029 1083 4120 accipient,
1114 4053 1194 4101 cum

148 4145 217 4216 illis
235 4145 376 4216 aliunde
394 4155 620 4237 prospectum
639 4145 695 4214 sit.
