<?xml version="1.0" encoding="UTF-8"?>
<!DOCTYPE html PUBLIC "-//W3C//DTD XHTML 1.0 Transitional//EN"
    "http://www.w3.org/TR/xhtml1/DTD/xhtml1-transitional.dtd">
<html xmlns="http://www.w3.org/1999/xhtml" xml:lang="en" lang="en">
 <head>
  <title>
</title>
<meta http-equiv="Content-Type" content="text/html;charset=utf-8" />
  <meta name='ocr-system' content='tesseract 3.04.00' />
  <meta name='ocr-capabilities' content='ocr_page ocr_carea ocr_par ocr_line ocrx_word'/>
</head>
<body>
  <div class='ocr_page' id='page_1' title='image "./reformationeccl01cardgoog_0386.png"; bbox 0 0 2692 4800; ppageno 0'>
   <div class='ocr_carea' id='block_1_1' title="bbox 303 847 1117 947">
    <p class='ocr_par' dir='ltr' id='par_1_1' title="bbox 303 847 1117 947">
     <span class='ocr_line' id='line_1_1' title="bbox 303 847 1117 947; baseline 0.002 -3"><span class='ocrx_word' id='word_1_1' title='bbox 303 847 408 945; x_wconf 90' lang='lat' dir='ltr'>DE</span> <span class='ocrx_word' id='word_1_2' title='bbox 458 848 822 947; x_wconf 87' lang='lat' dir='ltr'>REGULIS</span> <span class='ocrx_word' id='word_1_3' title='bbox 866 850 1117 947; x_wconf 87' lang='lat' dir='ltr'>JURlS.</span> 
     </span>
    </p>
   </div>
   <div class='ocr_carea' id='block_1_2' title="bbox 119 1236 1233 4009">
    <p class='ocr_par' dir='ltr' id='par_1_2' title="bbox 121 1236 1231 1424">
     <span class='ocr_line' id='line_1_2' title="bbox 121 1236 1231 1332; baseline -0.003 -17"><span class='ocrx_word' id='word_1_4' title='bbox 121 1279 163 1327; x_wconf 74' lang='lat'>‚4</span> <span class='ocrx_word' id='word_1_5' title='bbox 183 1238 294 1323; x_wconf 83' lang='lat' dir='ltr'>Quoo</span> <span class='ocrx_word' id='word_1_6' title='bbox 322 1260 392 1308; x_wconf 92' lang='lat' dir='ltr'>nou</span> <span class='ocrx_word' id='word_1_7' title='bbox 423 1246 478 1309; x_wconf 86' lang='lat' dir='ltr'>est</span> <span class='ocrx_word' id='word_1_8' title='bbox 508 1237 645 1308; x_wconf 90' lang='lat' dir='ltr'>licitum</span> <span class='ocrx_word' id='word_1_9' title='bbox 674 1239 709 1307; x_wconf 91' lang='lat' dir='ltr'>in</span> <span class='ocrx_word' id='word_1_10' title='bbox 737 1236 827 1332; x_wconf 89' lang='lat' dir='ltr'>lege,</span> <span class='ocrx_word' id='word_1_11' title='bbox 858 1238 1048 1310; x_wconf 75' lang='lat' dir='ltr'><strong>necessitas</strong></span> <span class='ocrx_word' id='word_1_12' title='bbox 1077 1239 1161 1311; x_wconf 80' lang='lat' dir='ltr'>facit</span> <span class='ocrx_word' id='word_1_13' title='bbox 1191 1241 1231 1312; x_wconf 91' lang='lat' dir='ltr'>li·</span> 
     </span>
     <span class='ocr_line' id='line_1_3' title="bbox 232 1354 354 1424; baseline -0.008 0"><span class='ocrx_word' id='word_1_14' title='bbox 232 1354 354 1424; x_wconf 88' lang='lat' dir='ltr'>citum.</span> 
     </span>
    </p>

    <p class='ocr_par' dir='ltr' id='par_1_3' title="bbox 121 1470 1233 1564">
     <span class='ocr_line' id='line_1_4' title="bbox 121 1470 1233 1564; baseline 0.003 -23"><span class='ocrx_word' id='word_1_15' title='bbox 121 1471 272 1556; x_wconf 66' lang='lat' dir='ltr'>pru-Qum</span> <span class='ocrx_word' id='word_1_16' title='bbox 296 1482 441 1564; x_wconf 87' lang='lat' dir='ltr'>propter</span> <span class='ocrx_word' id='word_1_17' title='bbox 461 1472 707 1541; x_wconf 88' lang='lat' dir='ltr'>necessitatem</span> <span class='ocrx_word' id='word_1_18' title='bbox 736 1470 938 1542; x_wconf 89' lang='lat' dir='ltr'>introducta</span> <span class='ocrx_word' id='word_1_19' title='bbox 962 1481 1056 1554; x_wconf 89' lang='lat' dir='ltr'>sunt,</span> <span class='ocrx_word' id='word_1_20' title='bbox 1074 1495 1145 1542; x_wconf 90' lang='lat' dir='ltr'>non</span> <span class='ocrx_word' id='word_1_21' title='bbox 1171 1475 1233 1545; x_wconf 86' lang='lat' dir='ltr'>de-</span> 
     </span>
    </p>

    <p class='ocr_par' dir='ltr' id='par_1_4' title="bbox 121 1559 761 1680">
     <span class='ocr_line' id='line_1_5' title="bbox 121 1559 761 1680; baseline -0.005 -22"><span class='ocrx_word' id='word_1_22' title='bbox 121 1559 151 1666; x_wconf 42' lang='lat'>{⁸⁸</span> <span class='ocrx_word' id='word_1_23' title='bbox 232 1588 318 1658; x_wconf 85' lang='lat' dir='ltr'>bont</span> <span class='ocrx_word' id='word_1_24' title='bbox 335 1588 372 1656; x_wconf 92' lang='lat' dir='ltr'>in</span> <span class='ocrx_word' id='word_1_25' title='bbox 389 1595 640 1680; x_wconf 76' lang='lat' dir='ltr'>argumentum</span> <span class='ocrx_word' id='word_1_26' title='bbox 657 1586 761 1656; x_wconf 90' lang='lat' dir='ltr'>trahi.</span> 
     </span>
    </p>

    <p class='ocr_par' dir='ltr' id='par_1_5' title="bbox 120 1702 1068 1806">
     <span class='ocr_line' id='line_1_6' title="bbox 120 1702 1068 1806; baseline -0.004 -29"><span class='ocrx_word' id='word_1_27' title='bbox 120 1759 133 1806; x_wconf 28' lang='grc' dir='ltr'>,ι</span> <span class='ocrx_word' id='word_1_28' title='bbox 182 1703 302 1777; x_wconf 87' lang='lat' dir='ltr'>Semel</span> <span class='ocrx_word' id='word_1_29' title='bbox 319 1702 432 1774; x_wconf 91' lang='lat' dir='ltr'>malus</span> <span class='ocrx_word' id='word_1_30' title='bbox 450 1726 590 1796; x_wconf 82' lang='lat' dir='ltr'>semper</span> <span class='ocrx_word' id='word_1_31' title='bbox 605 1702 833 1795; x_wconf 88' lang='lat' dir='ltr'>praesumitur</span> <span class='ocrx_word' id='word_1_32' title='bbox 849 1725 925 1773; x_wconf 87' lang='lat' dir='ltr'>esse</span> <span class='ocrx_word' id='word_1_33' title='bbox 944 1703 1068 1775; x_wconf 89' lang='lat' dir='ltr'>malus.</span> 
     </span>
    </p>

    <p class='ocr_par' dir='ltr' id='par_1_6' title="bbox 181 1818 1150 1913">
     <span class='ocr_line' id='line_1_7' title="bbox 181 1818 1150 1913; baseline -0.001 -22"><span class='ocrx_word' id='word_1_34' title='bbox 181 1820 288 1904; x_wconf 81' lang='lat' dir='ltr'>Quod</span> <span class='ocrx_word' id='word_1_35' title='bbox 306 1841 428 1890; x_wconf 85' lang='lat' dir='ltr'>omnes</span> <span class='ocrx_word' id='word_1_36' title='bbox 446 1820 571 1913; x_wconf 89' lang='lat' dir='ltr'>tangit,</span> <span class='ocrx_word' id='word_1_37' title='bbox 589 1818 698 1890; x_wconf 85' lang='lat' dir='ltr'>debet</span> <span class='ocrx_word' id='word_1_38' title='bbox 714 1818 759 1889; x_wconf 90' lang='lat' dir='ltr'>ab</span> <span class='ocrx_word' id='word_1_39' title='bbox 775 1818 939 1890; x_wconf 91' lang='lat' dir='ltr'>omnibus</span> <span class='ocrx_word' id='word_1_40' title='bbox 956 1820 1150 1913; x_wconf 84' lang='lat' dir='ltr'>approbari.</span> 
     </span>
    </p>

    <p class='ocr_par' dir='ltr' id='par_1_7' title="bbox 182 1935 1229 2147">
     <span class='ocr_line' id='line_1_8' title="bbox 182 1935 1229 2030; baseline -0.001 -22"><span class='ocrx_word' id='word_1_41' title='bbox 182 1937 352 2008; x_wconf 84' lang='lat' dir='ltr'>Refertur</span> <span class='ocrx_word' id='word_1_42' title='bbox 367 1937 414 2008; x_wconf 92' lang='lat' dir='ltr'>ad</span> <span class='ocrx_word' id='word_1_43' title='bbox 430 1936 620 2020; x_wconf 84' lang='lat' dir='ltr'>universos,</span> <span class='ocrx_word' id='word_1_44' title='bbox 639 1936 733 2028; x_wconf 91' lang='lat' dir='ltr'>quod</span> <span class='ocrx_word' id='word_1_45' title='bbox 753 1935 896 2029; x_wconf 89' lang='lat' dir='ltr'>publico</span> <span class='ocrx_word' id='word_1_46' title='bbox 916 1936 958 2006; x_wconf 85' lang='lat' dir='ltr'>fit</span> <span class='ocrx_word' id='word_1_47' title='bbox 974 1959 1037 2029; x_wconf 90' lang='lat' dir='ltr'>per</span> <span class='ocrx_word' id='word_1_48' title='bbox 1060 1938 1229 2030; x_wconf 89' lang='lat' dir='ltr'>majorem</span> 
     </span>
     <span class='ocr_line' id='line_1_9' title="bbox 231 2061 1060 2147; baseline -0.004 -24"><span class='ocrx_word' id='word_1_49' title='bbox 231 2061 380 2147; x_wconf 88' lang='lat' dir='ltr'>partem.</span> <span class='ocrx_word' id='word_1_50' title='bbox 1054 2066 1060 2077; x_wconf 85' lang='grc'><em>’</em></span> 
     </span>
    </p>

    <p class='ocr_par' dir='ltr' id='par_1_8' title="bbox 182 2167 1230 2471">
     <span class='ocr_line' id='line_1_10' title="bbox 182 2167 1230 2262; baseline -0.001 -23"><span class='ocrx_word' id='word_1_51' title='bbox 182 2167 274 2239; x_wconf 86' lang='lat' dir='ltr'>Cum</span> <span class='ocrx_word' id='word_1_52' title='bbox 308 2177 450 2262; x_wconf 88' lang='lat' dir='ltr'>tempus</span> <span class='ocrx_word' id='word_1_53' title='bbox 488 2170 524 2238; x_wconf 94' lang='lat' dir='ltr'>in</span> <span class='ocrx_word' id='word_1_54' title='bbox 558 2177 773 2239; x_wconf 89' lang='lat' dir='ltr'>testamento</span> <span class='ocrx_word' id='word_1_55' title='bbox 808 2168 982 2261; x_wconf 89' lang='lat' dir='ltr'>adjicitur,</span> <span class='ocrx_word' id='word_1_56' title='bbox 1013 2168 1230 2240; x_wconf 87' lang='lat' dir='ltr'>credendum</span> 
     </span>
     <span class='ocr_line' id='line_1_11' title="bbox 231 2284 1230 2379; baseline -0.001 -23"><span class='ocrx_word' id='word_1_57' title='bbox 231 2294 285 2356; x_wconf 90' lang='lat' dir='ltr'>est</span> <span class='ocrx_word' id='word_1_58' title='bbox 312 2308 375 2379; x_wconf 94' lang='lat' dir='ltr'>pro</span> <span class='ocrx_word' id='word_1_59' title='bbox 404 2285 543 2356; x_wconf 64' lang='lat' dir='ltr'>haerede</span> <span class='ocrx_word' id='word_1_60' title='bbox 571 2285 762 2377; x_wconf 85' lang='lat' dir='ltr'>adjectum,</span> <span class='ocrx_word' id='word_1_61' title='bbox 795 2286 862 2356; x_wconf 93' lang='lat' dir='ltr'>nisi</span> <span class='ocrx_word' id='word_1_62' title='bbox 892 2284 962 2356; x_wconf 89' lang='lat' dir='ltr'>alia</span> <span class='ocrx_word' id='word_1_63' title='bbox 990 2307 1091 2355; x_wconf 91' lang='lat' dir='ltr'>meus</span> <span class='ocrx_word' id='word_1_64' title='bbox 1122 2285 1230 2356; x_wconf 85' lang='lat' dir='ltr'>fuerit</span> 
     </span>
     <span class='ocr_line' id='line_1_12' title="bbox 231 2403 404 2471; baseline 0 -1"><span class='ocrx_word' id='word_1_65' title='bbox 231 2403 404 2471; x_wconf 84' lang='lat' dir='ltr'>testantis.</span> 
     </span>
    </p>

    <p class='ocr_par' dir='ltr' id='par_1_9' title="bbox 181 2517 1229 2729">
     <span class='ocr_line' id='line_1_13' title="bbox 181 2517 1229 2612; baseline 0 -25"><span class='ocrx_word' id='word_1_66' title='bbox 181 2517 269 2602; x_wconf 76' lang='lat' dir='ltr'>Qua</span> <span class='ocrx_word' id='word_1_67' title='bbox 292 2518 327 2588; x_wconf 93' lang='lat' dir='ltr'>in</span> <span class='ocrx_word' id='word_1_68' title='bbox 349 2527 563 2589; x_wconf 90' lang='lat' dir='ltr'>testamento</span> <span class='ocrx_word' id='word_1_69' title='bbox 586 2519 637 2589; x_wconf 87' lang='lat' dir='ltr'>ita</span> <span class='ocrx_word' id='word_1_70' title='bbox 657 2520 787 2611; x_wconf 87' lang='lat' dir='ltr'>scripta</span> <span class='ocrx_word' id='word_1_71' title='bbox 809 2529 891 2589; x_wconf 92' lang='lat' dir='ltr'>sunt</span> <span class='ocrx_word' id='word_1_72' title='bbox 917 2529 958 2589; x_wconf 92' lang='lat' dir='ltr'>ut</span> <span class='ocrx_word' id='word_1_73' title='bbox 982 2517 1133 2612; x_wconf 85' lang='lat' dir='ltr'>intelligi</span> <span class='ocrx_word' id='word_1_74' title='bbox 1157 2541 1229 2588; x_wconf 90' lang='lat' dir='ltr'>non</span> 
     </span>
     <span class='ocr_line' id='line_1_14' title="bbox 229 2635 1135 2729; baseline -0.001 -23"><span class='ocrx_word' id='word_1_75' title='bbox 229 2635 374 2728; x_wconf 83' lang='lat' dir='ltr'>possint,</span> <span class='ocrx_word' id='word_1_76' title='bbox 391 2637 537 2728; x_wconf 86' lang='lat' dir='ltr'>perinde</span> <span class='ocrx_word' id='word_1_77' title='bbox 554 2645 648 2719; x_wconf 88' lang='lat' dir='ltr'>sunt,</span> <span class='ocrx_word' id='word_1_78' title='bbox 666 2659 707 2706; x_wconf 88' lang='lat' dir='ltr'>ac</span> <span class='ocrx_word' id='word_1_79' title='bbox 726 2636 754 2707; x_wconf 88' lang='lat' dir='ltr'>si</span> <span class='ocrx_word' id='word_1_80' title='bbox 773 2637 901 2729; x_wconf 88' lang='lat' dir='ltr'>scripta</span> <span class='ocrx_word' id='word_1_81' title='bbox 919 2659 990 2707; x_wconf 92' lang='lat' dir='ltr'>nou</span> <span class='ocrx_word' id='word_1_82' title='bbox 1007 2646 1135 2706; x_wconf 88' lang='lat' dir='ltr'>essent.</span> 
     </span>
    </p>

    <p class='ocr_par' dir='ltr' id='par_1_10' title="bbox 180 2751 1177 2846">
     <span class='ocr_line' id='line_1_15' title="bbox 180 2751 1177 2846; baseline -0.001 -24"><span class='ocrx_word' id='word_1_83' title='bbox 180 2752 223 2823; x_wconf 88' lang='lat' dir='ltr'>In</span> <span class='ocrx_word' id='word_1_84' title='bbox 242 2751 438 2845; x_wconf 85' lang='lat' dir='ltr'>poenalibus</span> <span class='ocrx_word' id='word_1_85' title='bbox 454 2753 568 2823; x_wconf 89' lang='lat' dir='ltr'>causis</span> <span class='ocrx_word' id='word_1_86' title='bbox 584 2753 773 2846; x_wconf 86' lang='lat' dir='ltr'>benignius</span> <span class='ocrx_word' id='word_1_87' title='bbox 789 2752 1094 2845; x_wconf 85' lang='lat' dir='ltr'>interpretandum</span> <span class='ocrx_word' id='word_1_88' title='bbox 1112 2762 1177 2821; x_wconf 91' lang='lat' dir='ltr'>est.</span> 
     </span>
    </p>

    <p class='ocr_par' dir='ltr' id='par_1_11' title="bbox 181 2867 1230 3078">
     <span class='ocr_line' id='line_1_16' title="bbox 181 2867 1230 2962; baseline 0 -25"><span class='ocrx_word' id='word_1_89' title='bbox 181 2867 270 2940; x_wconf 87' lang='lat' dir='ltr'>Fere</span> <span class='ocrx_word' id='word_1_90' title='bbox 293 2870 329 2938; x_wconf 90' lang='lat' dir='ltr'>in</span> <span class='ocrx_word' id='word_1_91' title='bbox 353 2870 516 2941; x_wconf 92' lang='lat' dir='ltr'>omnibus</span> <span class='ocrx_word' id='word_1_92' title='bbox 541 2869 735 2962; x_wconf 88' lang='lat' dir='ltr'>poenalibus</span> <span class='ocrx_word' id='word_1_93' title='bbox 752 2870 896 2961; x_wconf 89' lang='lat' dir='ltr'>judiciis</span> <span class='ocrx_word' id='word_1_94' title='bbox 920 2877 957 2939; x_wconf 88' lang='lat' dir='ltr'>et</span> <span class='ocrx_word' id='word_1_95' title='bbox 981 2869 1076 2940; x_wconf 72' lang='lat' dir='ltr'>artati</span> <span class='ocrx_word' id='word_1_96' title='bbox 1103 2878 1140 2937; x_wconf 89' lang='lat' dir='ltr'>et</span> <span class='ocrx_word' id='word_1_97' title='bbox 1164 2869 1230 2937; x_wconf 91' lang='lat' dir='ltr'>im-</span> 
     </span>
     <span class='ocr_line' id='line_1_17' title="bbox 229 2985 668 3078; baseline 0.002 -24"><span class='ocrx_word' id='word_1_98' title='bbox 229 2985 425 3078; x_wconf 76' lang='lat' dir='ltr'>prudentia</span> <span class='ocrx_word' id='word_1_99' title='bbox 442 2987 668 3057; x_wconf 79' lang='lat' dir='ltr'>succurritur.</span> 
     </span>
    </p>

    <p class='ocr_par' dir='ltr' id='par_1_12' title="bbox 119 3101 774 3194">
     <span class='ocr_line' id='line_1_18' title="bbox 119 3101 774 3194; baseline -0.002 -22"><span class='ocrx_word' id='word_1_100' title='bbox 119 3127 142 3181; x_wconf 75' lang='lat' dir='ltr'>r·</span> <span class='ocrx_word' id='word_1_101' title='bbox 181 3102 365 3194; x_wconf 82' lang='lat' dir='ltr'>Imperitia</span> <span class='ocrx_word' id='word_1_102' title='bbox 381 3101 492 3194; x_wconf 82' lang='lat' dir='ltr'>culpoe</span> <span class='ocrx_word' id='word_1_103' title='bbox 513 3111 774 3172; x_wconf 88' lang='lat' dir='ltr'>annumeratur.</span> 
     </span>
    </p>

    <p class='ocr_par' dir='ltr' id='par_1_13' title="bbox 119 3216 779 3311">
     <span class='ocr_line' id='line_1_19' title="bbox 119 3216 779 3311; baseline -0.005 -23"><span class='ocrx_word' id='word_1_104' title='bbox 119 3219 131 3235; x_wconf 88' lang='grc'><em>”</em></span> <span class='ocrx_word' id='word_1_105' title='bbox 182 3216 312 3288; x_wconf 85' lang='lat' dir='ltr'>Generi</span> <span class='ocrx_word' id='word_1_106' title='bbox 330 3240 394 3311; x_wconf 89' lang='lat' dir='ltr'>per</span> <span class='ocrx_word' id='word_1_107' title='bbox 410 3219 562 3311; x_wconf 88' lang='lat' dir='ltr'>speciem</span> <span class='ocrx_word' id='word_1_108' title='bbox 581 3219 779 3311; x_wconf 86' lang='lat' dir='ltr'>derogatur.</span> 
     </span>
    </p>

    <p class='ocr_par' dir='ltr' id='par_1_14' title="bbox 119 3322 897 3543">
     <span class='ocr_line' id='line_1_20' title="bbox 119 3322 897 3435; baseline -0.005 -30"><span class='ocrx_word' id='word_1_109' title='bbox 119 3322 163 3393; x_wconf 85' lang='lat'>⁸9·</span> <span class='ocrx_word' id='word_1_110' title='bbox 183 3333 332 3427; x_wconf 85' lang='lat' dir='ltr'>Semper</span> <span class='ocrx_word' id='word_1_111' title='bbox 347 3335 569 3435; x_wconf 80' lang='lat' dir='ltr'>generalibus</span> <span class='ocrx_word' id='word_1_112' title='bbox 586 3333 750 3427; x_wconf 78' lang='lat' dir='ltr'>specialia</span> <span class='ocrx_word' id='word_1_113' title='bbox 766 3334 897 3404; x_wconf 89' lang='lat' dir='ltr'>insunt.</span> 
     </span>
     <span class='ocr_line' id='line_1_21' title="bbox 119 3451 649 3543; baseline -0.002 -21"><span class='ocrx_word' id='word_1_114' title='bbox 119 3468 167 3523; x_wconf 79' lang='lat'>:6⁰</span> <span class='ocrx_word' id='word_1_115' title='bbox 183 3451 224 3521; x_wconf 92' lang='lat' dir='ltr'>In</span> <span class='ocrx_word' id='word_1_116' title='bbox 245 3460 322 3521; x_wconf 92' lang='lat' dir='ltr'>toto</span> <span class='ocrx_word' id='word_1_117' title='bbox 339 3474 419 3543; x_wconf 89' lang='lat' dir='ltr'>pars</span> <span class='ocrx_word' id='word_1_118' title='bbox 435 3452 649 3521; x_wconf 83' lang='lat' dir='ltr'>continetur.</span> 
     </span>
    </p>

    <p class='ocr_par' dir='ltr' id='par_1_15' title="bbox 181 3566 1134 3661">
     <span class='ocr_line' id='line_1_22' title="bbox 181 3566 1134 3661; baseline -0.001 -23"><span class='ocrx_word' id='word_1_119' title='bbox 181 3568 428 3639; x_wconf 87' lang='lat' dir='ltr'>Accessorium</span> <span class='ocrx_word' id='word_1_120' title='bbox 447 3578 608 3638; x_wconf 84' lang='lat' dir='ltr'>naturam</span> <span class='ocrx_word' id='word_1_121' title='bbox 626 3568 724 3659; x_wconf 89' lang='lat' dir='ltr'>sequi</span> <span class='ocrx_word' id='word_1_122' title='bbox 743 3566 906 3661; x_wconf 88' lang='lat' dir='ltr'>congruit</span> <span class='ocrx_word' id='word_1_123' title='bbox 924 3566 1134 3660; x_wconf 87' lang='lat' dir='ltr'>principalis.</span> 
     </span>
    </p>

    <p class='ocr_par' dir='ltr' id='par_1_16' title="bbox 119 3685 1230 3894">
     <span class='ocr_line' id='line_1_23' title="bbox 119 3685 1230 3778; baseline 0.002 -25"><span class='ocrx_word' id='word_1_124' title='bbox 119 3700 126 3753; x_wconf 80' lang='grc' dir='ltr'>ι</span> <span class='ocrx_word' id='word_1_125' title='bbox 181 3685 271 3756; x_wconf 88' lang='lat' dir='ltr'>Cum</span> <span class='ocrx_word' id='word_1_126' title='bbox 296 3685 496 3778; x_wconf 85' lang='lat' dir='ltr'>principalis</span> <span class='ocrx_word' id='word_1_127' title='bbox 516 3707 621 3755; x_wconf 87' lang='lat' dir='ltr'>causa</span> <span class='ocrx_word' id='word_1_128' title='bbox 646 3706 715 3754; x_wconf 91' lang='lat' dir='ltr'>non</span> <span class='ocrx_word' id='word_1_129' title='bbox 733 3685 903 3766; x_wconf 89' lang='lat' dir='ltr'>consistit,</span> <span class='ocrx_word' id='word_1_130' title='bbox 921 3706 988 3755; x_wconf 90' lang='lat' dir='ltr'>uec</span> <span class='ocrx_word' id='word_1_131' title='bbox 1014 3707 1056 3754; x_wconf 88' lang='lat' dir='ltr'>ea</span> <span class='ocrx_word' id='word_1_132' title='bbox 1073 3706 1154 3775; x_wconf 84' lang='lat' dir='ltr'>quae</span> <span class='ocrx_word' id='word_1_133' title='bbox 1176 3707 1230 3755; x_wconf 87' lang='lat' dir='ltr'>se·</span> 
     </span>
     <span class='ocr_line' id='line_1_24' title="bbox 229 3799 682 3894; baseline -0.009 -22"><span class='ocrx_word' id='word_1_134' title='bbox 229 3812 387 3894; x_wconf 92' lang='lat' dir='ltr'>quuntur</span> <span class='ocrx_word' id='word_1_135' title='bbox 403 3800 519 3870; x_wconf 89' lang='lat' dir='ltr'>locum</span> <span class='ocrx_word' id='word_1_136' title='bbox 539 3799 682 3871; x_wconf 88' lang='lat' dir='ltr'>habent.</span> 
     </span>
    </p>

    <p class='ocr_par' dir='ltr' id='par_1_17' title="bbox 181 3914 1230 4009">
     <span class='ocr_line' id='line_1_25' title="bbox 181 3914 1230 4009; baseline -0.001 -21"><span class='ocrx_word' id='word_1_137' title='bbox 181 3917 267 3988; x_wconf 92' lang='lat' dir='ltr'>Non</span> <span class='ocrx_word' id='word_1_138' title='bbox 290 3917 410 3999; x_wconf 86' lang='lat' dir='ltr'>debet,</span> <span class='ocrx_word' id='word_1_139' title='bbox 429 3917 485 3987; x_wconf 92' lang='lat' dir='ltr'>oui</span> <span class='ocrx_word' id='word_1_140' title='bbox 507 3917 601 4009; x_wconf 86' lang='lat' dir='ltr'>quod</span> <span class='ocrx_word' id='word_1_141' title='bbox 625 3916 704 4008; x_wconf 93' lang='lat' dir='ltr'>plus</span> <span class='ocrx_word' id='word_1_142' title='bbox 727 3924 782 3986; x_wconf 89' lang='lat' dir='ltr'>est</span> <span class='ocrx_word' id='word_1_143' title='bbox 806 3914 900 3998; x_wconf 88' lang='lat' dir='ltr'>licet,</span> <span class='ocrx_word' id='word_1_144' title='bbox 918 3918 1011 4008; x_wconf 91' lang='lat' dir='ltr'>quod</span> <span class='ocrx_word' id='word_1_145' title='bbox 1036 3916 1152 3985; x_wconf 89' lang='lat' dir='ltr'>miuus</span> <span class='ocrx_word' id='word_1_146' title='bbox 1175 3923 1230 3987; x_wconf 90' lang='lat' dir='ltr'>est</span> 
     </span>
    </p>
   </div>
   <div class='ocr_carea' id='block_1_3' title="bbox 229 4034 434 4104">
    <p class='ocr_par' dir='ltr' id='par_1_18' title="bbox 229 4034 434 4104">
     <span class='ocr_line' id='line_1_26' title="bbox 229 4034 434 4104; baseline 0.005 -1"><span class='ocrx_word' id='word_1_147' title='bbox 229 4057 300 4104; x_wconf 92' lang='lat' dir='ltr'>uon</span> <span class='ocrx_word' id='word_1_148' title='bbox 318 4034 434 4104; x_wconf 91' lang='lat' dir='ltr'>licere.</span> 
     </span>
    </p>
   </div>
   <div class='ocr_carea' id='block_1_4' title="bbox 118 4146 1227 4356">
    <p class='ocr_par' dir='ltr' id='par_1_19' title="bbox 118 4146 1227 4356">
     <span class='ocr_line' id='line_1_27' title="bbox 118 4146 1227 4242; baseline -0.005 -21"><span class='ocrx_word' id='word_1_149' title='bbox 118 4176 126 4221; x_wconf 80' lang='lat' dir='ltr'>r</span> <span class='ocrx_word' id='word_1_150' title='bbox 181 4148 266 4218; x_wconf 92' lang='lat' dir='ltr'>Non</span> <span class='ocrx_word' id='word_1_151' title='bbox 283 4157 401 4242; x_wconf 88' lang='lat' dir='ltr'>potest</span> <span class='ocrx_word' id='word_1_152' title='bbox 419 4149 500 4219; x_wconf 91' lang='lat' dir='ltr'>dolo</span> <span class='ocrx_word' id='word_1_153' title='bbox 518 4171 644 4228; x_wconf 83' lang='lat' dir='ltr'>carere,</span> <span class='ocrx_word' id='word_1_154' title='bbox 663 4148 721 4239; x_wconf 92' lang='lat' dir='ltr'>qui</span> <span class='ocrx_word' id='word_1_155' title='bbox 747 4146 893 4239; x_wconf 87' lang='lat' dir='ltr'>imperio</span> <span class='ocrx_word' id='word_1_156' title='bbox 915 4147 1142 4240; x_wconf 79' lang='lat' dir='ltr'>magistratus</span> <span class='ocrx_word' id='word_1_157' title='bbox 1156 4169 1227 4215; x_wconf 90' lang='lat' dir='ltr'>non</span> 
     </span>
     <span class='ocr_line' id='line_1_28' title="bbox 230 4264 463 4356; baseline 0.004 -23"><span class='ocrx_word' id='word_1_158' title='bbox 230 4264 463 4356; x_wconf 87' lang='lat' dir='ltr'>obtemperat.</span> 
     </span>
    </p>
   </div>
   <div class='ocr_carea' id='block_1_5' title="bbox 0 0 1350 4800">
    <p class='ocr_par' dir='ltr' id='par_1_20' title="bbox 0 0 1350 4800">
     <span class='ocr_line' id='line_1_29' title="bbox 0 0 1350 4800; baseline 0 0"><span class='ocrx_word' id='word_1_159' title='bbox 0 0 1350 4800; x_wconf 95' lang='lat' dir='ltr'> </span> 
     </span>
    </p>
   </div>
  </div>
 </body>
</html>
