<?xml version="1.0" encoding="UTF-8"?>
<!DOCTYPE html PUBLIC "-//W3C//DTD XHTML 1.0 Transitional//EN"
    "http://www.w3.org/TR/xhtml1/DTD/xhtml1-transitional.dtd">
<html xmlns="http://www.w3.org/1999/xhtml" xml:lang="en" lang="en">
 <head>
  <title>
</title>
<meta http-equiv="Content-Type" content="text/html;charset=utf-8" />
  <meta name='ocr-system' content='tesseract 3.04.00' />
  <meta name='ocr-capabilities' content='ocr_page ocr_carea ocr_par ocr_line ocrx_word'/>
</head>
<body>
  <div class='ocr_page' id='page_1' title='image "./reformationeccl01cardgoog_0278.png"; bbox 0 0 2692 4800; ppageno 0'>
   <div class='ocr_carea' id='block_1_1' title="bbox 421 273 1187 341">
    <p class='ocr_par' dir='ltr' id='par_1_1' title="bbox 421 273 1187 341">
     <span class='ocr_line' id='line_1_1' title="bbox 421 273 1187 341; baseline -0.004 0"><span class='ocrx_word' id='word_1_1' title='bbox 421 289 471 341; x_wconf 83' lang='lat' dir='ltr'><strong>nu</strong></span> <span class='ocrx_word' id='word_1_2' title='bbox 496 290 587 341; x_wconf 83' lang='lat' dir='ltr'><strong>arms</strong></span> <span class='ocrx_word' id='word_1_3' title='bbox 611 289 914 341; x_wconf 79' lang='lat' dir='ltr'><strong>courssramouu.</strong></span> <span class='ocrx_word' id='word_1_4' title='bbox 1117 273 1187 338; x_wconf 80' lang='lat' dir='ltr'><strong>all</strong></span> 
     </span>
    </p>
   </div>
   <div class='ocr_carea' id='block_1_2' title="bbox 146 537 1192 1232">
    <p class='ocr_par' dir='ltr' id='par_1_2' title="bbox 273 537 1052 624">
     <span class='ocr_line' id='line_1_2' title="bbox 273 537 1052 624; baseline -0.004 -21"><span class='ocrx_word' id='word_1_5' title='bbox 273 537 323 603; x_wconf 82' lang='lat' dir='ltr'><strong>Do</strong></span> <span class='ocrx_word' id='word_1_6' title='bbox 330 537 543 624; x_wconf 62' lang='lat' dir='ltr'><strong>promotione</strong></span> <span class='ocrx_word' id='word_1_7' title='bbox 549 538 777 622; x_wconf 62' lang='lat' dir='ltr'><strong>jamdictum</strong></span> <span class='ocrx_word' id='word_1_8' title='bbox 783 537 902 622; x_wconf 65' lang='lat' dir='ltr'><strong>judicia</strong></span> <span class='ocrx_word' id='word_1_9' title='bbox 916 537 1052 623; x_wconf 69' lang='lat' dir='ltr'><strong>dobpatt.</strong></span> 
     </span>
    </p>

    <p class='ocr_par' dir='ltr' id='par_1_3' title="bbox 146 677 1192 1232">
     <span class='ocr_line' id='line_1_3' title="bbox 196 677 1190 773; baseline -0.002 -24"><span class='ocrx_word' id='word_1_10' title='bbox 196 677 269 750; x_wconf 87' lang='lat' dir='ltr'><strong>Per</strong></span> <span class='ocrx_word' id='word_1_11' title='bbox 289 689 552 773; x_wconf 74' lang='lat' dir='ltr'><strong>procuratorem</strong></span> <span class='ocrx_word' id='word_1_12' title='bbox 579 700 650 749; x_wconf 92' lang='lat' dir='ltr'><strong>non</strong></span> <span class='ocrx_word' id='word_1_13' title='bbox 676 678 867 749; x_wconf 74' lang='lat' dir='ltr'><strong>habentem</strong></span> <span class='ocrx_word' id='word_1_14' title='bbox 898 678 1104 748; x_wconf 76' lang='lat' dir='ltr'><strong>mandatum</strong></span> <span class='ocrx_word' id='word_1_15' title='bbox 1130 679 1190 770; x_wconf 91' lang='lat' dir='ltr'><strong>ju·</strong></span> 
     </span>
     <span class='ocr_line' id='line_1_4' title="bbox 146 792 1192 888; baseline -0.001 -23"><span class='ocrx_word' id='word_1_16' title='bbox 146 794 303 866; x_wconf 84' lang='lat' dir='ltr'><strong>risdictio</strong></span> <span class='ocrx_word' id='word_1_17' title='bbox 323 792 480 888; x_wconf 85' lang='lat' dir='ltr'><strong>delegati</strong></span> <span class='ocrx_word' id='word_1_18' title='bbox 498 793 543 864; x_wconf 91' lang='lat' dir='ltr'><strong>de</strong></span> <span class='ocrx_word' id='word_1_19' title='bbox 564 815 601 863; x_wconf 89' lang='lat' dir='ltr'><strong>re</strong></span> <span class='ocrx_word' id='word_1_20' title='bbox 619 793 665 863; x_wconf 88' lang='lat' dir='ltr'><strong>ad</strong></span> <span class='ocrx_word' id='word_1_21' title='bbox 683 814 759 864; x_wconf 86' lang='lat' dir='ltr'><strong>rem</strong></span> <span class='ocrx_word' id='word_1_22' title='bbox 777 793 956 886; x_wconf 81' lang='lat' dir='ltr'><strong>prorogari</strong></span> <span class='ocrx_word' id='word_1_23' title='bbox 972 815 1042 862; x_wconf 92' lang='lat' dir='ltr'><strong>non</strong></span> <span class='ocrx_word' id='word_1_24' title='bbox 1061 800 1192 885; x_wconf 88' lang='lat' dir='ltr'><strong>potest,</strong></span> 
     </span>
     <span class='ocr_line' id='line_1_5' title="bbox 146 905 1191 1001; baseline -0.003 -22"><span class='ocrx_word' id='word_1_25' title='bbox 146 931 227 980; x_wconf 91' lang='lat' dir='ltr'><strong>cnm</strong></span> <span class='ocrx_word' id='word_1_26' title='bbox 254 918 459 1001; x_wconf 85' lang='lat' dir='ltr'><strong>procurator</strong></span> <span class='ocrx_word' id='word_1_27' title='bbox 478 909 522 979; x_wconf 88' lang='lat' dir='ltr'><strong>ad</strong></span> <span class='ocrx_word' id='word_1_28' title='bbox 544 908 607 979; x_wconf 90' lang='lat' dir='ltr'><strong>illa</strong></span> <span class='ocrx_word' id='word_1_29' title='bbox 630 907 853 978; x_wconf 83' lang='lat' dir='ltr'><strong>solummodo</strong></span> <span class='ocrx_word' id='word_1_30' title='bbox 871 905 1092 1000; x_wconf 83' lang='lat' dir='ltr'><strong>intelligetur</strong></span> <span class='ocrx_word' id='word_1_31' title='bbox 1107 930 1191 978; x_wconf 91' lang='lat' dir='ltr'><strong>con·</strong></span> 
     </span>
     <span class='ocr_line' id='line_1_6' title="bbox 146 1022 1192 1117; baseline -0.004 -21"><span class='ocrx_word' id='word_1_32' title='bbox 146 1027 303 1109; x_wconf 83' lang='lat' dir='ltr'><strong>stitutus,</strong></span> <span class='ocrx_word' id='word_1_33' title='bbox 320 1048 398 1117; x_wconf 85' lang='lat' dir='ltr'><strong>quae</strong></span> <span class='ocrx_word' id='word_1_34' title='bbox 418 1027 455 1095; x_wconf 90' lang='lat' dir='ltr'><strong>in</strong></span> <span class='ocrx_word' id='word_1_35' title='bbox 478 1024 733 1095; x_wconf 77' lang='lat' dir='ltr'><strong>commissionis</strong></span> <span class='ocrx_word' id='word_1_36' title='bbox 754 1022 864 1092; x_wconf 86' lang='lat' dir='ltr'><strong>literis</strong></span> <span class='ocrx_word' id='word_1_37' title='bbox 885 1023 1114 1093; x_wconf 89' lang='lat' dir='ltr'><strong>inveniuntur</strong></span> <span class='ocrx_word' id='word_1_38' title='bbox 1130 1045 1192 1092; x_wconf 85' lang='lat' dir='ltr'><strong>ex-</strong></span> 
     </span>
     <span class='ocr_line' id='line_1_7' title="bbox 148 1138 925 1232; baseline -0.008 -21"><span class='ocrx_word' id='word_1_39' title='bbox 148 1163 274 1232; x_wconf 86' lang='lat' dir='ltr'><strong>pressa,</strong></span> <span class='ocrx_word' id='word_1_40' title='bbox 293 1140 360 1211; x_wconf 85' lang='lat' dir='ltr'><strong>nisi</strong></span> <span class='ocrx_word' id='word_1_41' title='bbox 378 1140 542 1211; x_wconf 89' lang='lat' dir='ltr'><strong>dominus</strong></span> <span class='ocrx_word' id='word_1_42' title='bbox 558 1139 626 1209; x_wconf 88' lang='lat' dir='ltr'><strong>hoc</strong></span> <span class='ocrx_word' id='word_1_43' title='bbox 643 1139 710 1209; x_wconf 90' lang='lat' dir='ltr'><strong>soit</strong></span> <span class='ocrx_word' id='word_1_44' title='bbox 729 1148 766 1208; x_wconf 87' lang='lat' dir='ltr'><strong>et</strong></span> <span class='ocrx_word' id='word_1_45' title='bbox 783 1138 925 1230; x_wconf 86' lang='lat' dir='ltr'><strong>patitur.</strong></span> 
     </span>
    </p>
   </div>
   <div class='ocr_carea' id='block_1_3' title="bbox 240 1348 1097 1434">
    <p class='ocr_par' dir='ltr' id='par_1_4' title="bbox 240 1348 1097 1434">
     <span class='ocr_line' id='line_1_8' title="bbox 240 1348 1097 1434; baseline -0.005 -18"><span class='ocrx_word' id='word_1_46' title='bbox 240 1351 525 1416; x_wconf 62' lang='lat' dir='ltr'><strong>&amp;communicatus</strong></span> <span class='ocrx_word' id='word_1_47' title='bbox 537 1351 577 1415; x_wconf 82' lang='lat' dir='ltr'><strong>cb</strong></span> <span class='ocrx_word' id='word_1_48' title='bbox 592 1373 651 1415; x_wconf 80' lang='lat' dir='ltr'><strong>uuo</strong></span> <span class='ocrx_word' id='word_1_49' title='bbox 665 1351 704 1415; x_wconf 84' lang='lat' dir='ltr'><strong>ab</strong></span> <span class='ocrx_word' id='word_1_50' title='bbox 718 1350 781 1413; x_wconf 80' lang='lat' dir='ltr'><strong>olio</strong></span> <span class='ocrx_word' id='word_1_51' title='bbox 795 1348 911 1413; x_wconf 75' lang='lat' dir='ltr'><strong>absolvi</strong></span> <span class='ocrx_word' id='word_1_52' title='bbox 925 1371 983 1412; x_wconf 83' lang='lat' dir='ltr'><strong>oon</strong></span> <span class='ocrx_word' id='word_1_53' title='bbox 992 1358 1097 1434; x_wconf 67' lang='lat' dir='ltr'><strong>potem.</strong></span> 
     </span>
    </p>
   </div>
   <div class='ocr_carea' id='block_1_4' title="bbox 146 1485 1194 1907">
    <p class='ocr_par' dir='ltr' id='par_1_5' title="bbox 146 1485 1194 1907">
     <span class='ocr_line' id='line_1_9' title="bbox 195 1485 1194 1581; baseline -0.003 -22"><span class='ocrx_word' id='word_1_54' title='bbox 195 1485 537 1561; x_wconf 84' lang='lat' dir='ltr'><strong>Excommnnicatus</strong></span> <span class='ocrx_word' id='word_1_55' title='bbox 559 1513 581 1560; x_wconf 89' lang='lat' dir='ltr'><strong>a</strong></span> <span class='ocrx_word' id='word_1_56' title='bbox 603 1511 667 1559; x_wconf 90' lang='lat' dir='ltr'><strong>suo</strong></span> <span class='ocrx_word' id='word_1_57' title='bbox 686 1489 811 1581; x_wconf 86' lang='lat' dir='ltr'><strong>judice</strong></span> <span class='ocrx_word' id='word_1_58' title='bbox 834 1488 880 1558; x_wconf 85' lang='lat' dir='ltr'><strong>ab</strong></span> <span class='ocrx_word' id='word_1_59' title='bbox 905 1488 982 1559; x_wconf 86' lang='lat' dir='ltr'><strong>aliis</strong></span> <span class='ocrx_word' id='word_1_60' title='bbox 1007 1497 1063 1558; x_wconf 89' lang='lat' dir='ltr'><strong>est</strong></span> <span class='ocrx_word' id='word_1_61' title='bbox 1080 1489 1194 1557; x_wconf 84' lang='lat' dir='ltr'><strong>vitan-</strong></span> 
     </span>
     <span class='ocr_line' id='line_1_10' title="bbox 147 1604 1193 1699; baseline 0 -25"><span class='ocrx_word' id='word_1_62' title='bbox 147 1605 221 1687; x_wconf 88' lang='lat' dir='ltr'><strong>dus,</strong></span> <span class='ocrx_word' id='word_1_63' title='bbox 248 1627 314 1675; x_wconf 87' lang='lat' dir='ltr'><strong>nec</strong></span> <span class='ocrx_word' id='word_1_64' title='bbox 333 1606 446 1699; x_wconf 85' lang='lat' dir='ltr'><strong>judex</strong></span> <span class='ocrx_word' id='word_1_65' title='bbox 473 1605 565 1678; x_wconf 90' lang='lat' dir='ltr'><strong>alter</strong></span> <span class='ocrx_word' id='word_1_66' title='bbox 589 1628 672 1677; x_wconf 91' lang='lat' dir='ltr'><strong>eum</strong></span> <span class='ocrx_word' id='word_1_67' title='bbox 702 1604 884 1676; x_wconf 85' lang='lat' dir='ltr'><strong>absolvere</strong></span> <span class='ocrx_word' id='word_1_68' title='bbox 913 1606 1031 1697; x_wconf 87' lang='lat' dir='ltr'><strong>possit,</strong></span> <span class='ocrx_word' id='word_1_69' title='bbox 1059 1605 1123 1674; x_wconf 90' lang='lat' dir='ltr'><strong>nisi</strong></span> <span class='ocrx_word' id='word_1_70' title='bbox 1147 1605 1193 1675; x_wconf 86' lang='lat' dir='ltr'><strong>sit</strong></span> 
     </span>
     <span class='ocr_line' id='line_1_11' title="bbox 146 1720 1192 1815; baseline -0.001 -25"><span class='ocrx_word' id='word_1_71' title='bbox 146 1722 314 1813; x_wconf 84' lang='lat' dir='ltr'><strong>superior,</strong></span> <span class='ocrx_word' id='word_1_72' title='bbox 349 1724 409 1814; x_wconf 91' lang='lat' dir='ltr'><strong>qni</strong></span> <span class='ocrx_word' id='word_1_73' title='bbox 444 1745 508 1814; x_wconf 88' lang='lat' dir='ltr'><strong>per</strong></span> <span class='ocrx_word' id='word_1_74' title='bbox 540 1723 632 1793; x_wconf 85' lang='lat' dir='ltr'><strong>viam</strong></span> <span class='ocrx_word' id='word_1_75' title='bbox 669 1721 914 1815; x_wconf 74' lang='lat' dir='ltr'><strong>appellationis</strong></span> <span class='ocrx_word' id='word_1_76' title='bbox 949 1720 1005 1791; x_wconf 86' lang='lat' dir='ltr'><strong>vel</strong></span> <span class='ocrx_word' id='word_1_77' title='bbox 1040 1721 1192 1812; x_wconf 84' lang='lat' dir='ltr'><strong>querelae</strong></span> 
     </span>
     <span class='ocr_line' id='line_1_12' title="bbox 146 1837 397 1907; baseline 0 0"><span class='ocrx_word' id='word_1_78' title='bbox 146 1837 264 1907; x_wconf 88' lang='lat' dir='ltr'><strong>aditus</strong></span> <span class='ocrx_word' id='word_1_79' title='bbox 280 1837 397 1907; x_wconf 86' lang='lat' dir='ltr'><strong>fuerit.</strong></span> 
     </span>
    </p>
   </div>
   <div class='ocr_carea' id='block_1_5' title="bbox 501 2059 821 2071">
    <p class='ocr_par' dir='ltr' id='par_1_6' title="bbox 501 2059 821 2071">
     <span class='ocr_line' id='line_1_13' title="bbox 501 2059 821 2071; baseline 0.006 -3"><span class='ocrx_word' id='word_1_80' title='bbox 501 2059 821 2071; x_wconf 65' lang='lat' dir='ltr'>.—·——--.—-—-a</span> 
     </span>
    </p>
   </div>
   <div class='ocr_carea' id='block_1_6' title="bbox 315 2295 1016 2397">
    <p class='ocr_par' dir='ltr' id='par_1_7' title="bbox 315 2295 1016 2397">
     <span class='ocr_line' id='line_1_14' title="bbox 315 2295 1016 2397; baseline 0.004 -31"><span class='ocrx_word' id='word_1_81' title='bbox 315 2295 395 2397; x_wconf 23' lang='lat' dir='ltr'><strong>&#39;DE</strong></span> <span class='ocrx_word' id='word_1_82' title='bbox 424 2297 554 2369; x_wconf 86' lang='lat' dir='ltr'><strong>LITlS</strong></span> <span class='ocrx_word' id='word_1_83' title='bbox 580 2297 1016 2372; x_wconf 75' lang='lat' dir='ltr'><strong>CONTESTATIONE.</strong></span> 
     </span>
    </p>
   </div>
   <div class='ocr_carea' id='block_1_7' title="bbox 141 2515 1195 3674">
    <p class='ocr_par' dir='ltr' id='par_1_8' title="bbox 459 2515 876 2601">
     <span class='ocr_line' id='line_1_15' title="bbox 459 2515 876 2601; baseline 0.002 -23"><span class='ocrx_word' id='word_1_84' title='bbox 459 2515 539 2578; x_wconf 71' lang='lat' dir='ltr'><strong>Litas</strong></span> <span class='ocrx_word' id='word_1_85' title='bbox 554 2517 725 2580; x_wconf 66' lang='lat' dir='ltr'><strong>mastatio</strong></span> <span class='ocrx_word' id='word_1_86' title='bbox 740 2516 816 2601; x_wconf 66' lang='lat' dir='ltr'><strong>queit</strong></span> <span class='ocrx_word' id='word_1_87' title='bbox 828 2517 876 2581; x_wconf 78' lang='lat' dir='ltr'><strong>eit.</strong></span> 
     </span>
    </p>

    <p class='ocr_par' dir='ltr' id='par_1_9' title="bbox 141 2648 1195 3674">
     <span class='ocr_line' id='line_1_16' title="bbox 198 2648 1194 2746; baseline 0.004 -26"><span class='ocrx_word' id='word_1_88' title='bbox 198 2648 290 2721; x_wconf 85' lang='lat' dir='ltr'><strong>Litis</strong></span> <span class='ocrx_word' id='word_1_89' title='bbox 313 2653 524 2722; x_wconf 81' lang='lat' dir='ltr'><strong>contestatio</strong></span> <span class='ocrx_word' id='word_1_90' title='bbox 549 2662 602 2722; x_wconf 89' lang='lat' dir='ltr'><strong>est</strong></span> <span class='ocrx_word' id='word_1_91' title='bbox 622 2654 892 2724; x_wconf 84' lang='lat' dir='ltr'><strong>fundamentum</strong></span> <span class='ocrx_word' id='word_1_92' title='bbox 908 2655 1054 2746; x_wconf 80' lang='lat' dir='ltr'><strong>judicii3</strong></span> <span class='ocrx_word' id='word_1_93' title='bbox 1082 2676 1128 2725; x_wconf 86' lang='lat' dir='ltr'><strong>ex</strong></span> <span class='ocrx_word' id='word_1_94' title='bbox 1152 2677 1194 2724; x_wconf 87' lang='lat' dir='ltr'><strong>ea</strong></span> 
     </span>
     <span class='ocr_line' id='line_1_17' title="bbox 146 2767 1194 2853; baseline 0.003 -17"><span class='ocrx_word' id='word_1_95' title='bbox 146 2769 242 2838; x_wconf 90' lang='lat' dir='ltr'><strong>enim</strong></span> <span class='ocrx_word' id='word_1_96' title='bbox 262 2790 345 2838; x_wconf 87' lang='lat' dir='ltr'><strong>vere</strong></span> <span class='ocrx_word' id='word_1_97' title='bbox 362 2768 505 2838; x_wconf 89' lang='lat' dir='ltr'><strong>demum</strong></span> <span class='ocrx_word' id='word_1_98' title='bbox 532 2767 575 2838; x_wconf 86' lang='lat' dir='ltr'><strong>lis</strong></span> <span class='ocrx_word' id='word_1_99' title='bbox 600 2770 732 2851; x_wconf 87' lang='lat' dir='ltr'><strong>existit,</strong></span> <span class='ocrx_word' id='word_1_100' title='bbox 754 2781 791 2840; x_wconf 88' lang='lat' dir='ltr'><strong>et</strong></span> <span class='ocrx_word' id='word_1_101' title='bbox 818 2772 852 2839; x_wconf 91' lang='lat' dir='ltr'><strong>in</strong></span> <span class='ocrx_word' id='word_1_102' title='bbox 878 2794 921 2842; x_wconf 88' lang='lat' dir='ltr'><strong>ea</strong></span> <span class='ocrx_word' id='word_1_103' title='bbox 940 2781 1108 2853; x_wconf 83' lang='lat' dir='ltr'><strong>versatur,</strong></span> <span class='ocrx_word' id='word_1_104' title='bbox 1127 2773 1194 2840; x_wconf 90' lang='lat' dir='ltr'><strong>ori-</strong></span> 
     </span>
     <span class='ocr_line' id='line_1_18' title="bbox 147 2887 1192 2979; baseline 0.002 -25"><span class='ocrx_word' id='word_1_105' title='bbox 147 2894 278 2977; x_wconf 88' lang='lat' dir='ltr'><strong>turque</strong></span> <span class='ocrx_word' id='word_1_106' title='bbox 301 2907 345 2954; x_wconf 83' lang='lat' dir='ltr'><strong>ex</strong></span> <span class='ocrx_word' id='word_1_107' title='bbox 364 2907 520 2978; x_wconf 78' lang='lat' dir='ltr'><strong>congruo</strong></span> <span class='ocrx_word' id='word_1_108' title='bbox 538 2908 704 2979; x_wconf 88' lang='lat' dir='ltr'><strong>responso</strong></span> <span class='ocrx_word' id='word_1_109' title='bbox 721 2889 781 2969; x_wconf 90' lang='lat' dir='ltr'><strong>rei,</strong></span> <span class='ocrx_word' id='word_1_110' title='bbox 799 2911 860 2959; x_wconf 91' lang='lat' dir='ltr'><strong>scu</strong></span> <span class='ocrx_word' id='word_1_111' title='bbox 879 2889 923 2959; x_wconf 92' lang='lat' dir='ltr'><strong>ad</strong></span> <span class='ocrx_word' id='word_1_112' title='bbox 942 2887 1112 2969; x_wconf 92' lang='lat' dir='ltr'><strong>libellum,</strong></span> <span class='ocrx_word' id='word_1_113' title='bbox 1130 2904 1192 2958; x_wconf 87' lang='lat' dir='ltr'><strong>sen</strong></span> 
     </span>
     <span class='ocr_line' id='line_1_19' title="bbox 147 3000 1194 3098; baseline 0.005 -28"><span class='ocrx_word' id='word_1_114' title='bbox 147 3000 193 3070; x_wconf 87' lang='lat' dir='ltr'><strong>ad</strong></span> <span class='ocrx_word' id='word_1_115' title='bbox 223 3001 423 3092; x_wconf 88' lang='lat' dir='ltr'><strong>petitiones,</strong></span> <span class='ocrx_word' id='word_1_116' title='bbox 451 3001 507 3072; x_wconf 82' lang='lat' dir='ltr'><strong>vel</strong></span> <span class='ocrx_word' id='word_1_117' title='bbox 538 3003 573 3070; x_wconf 90' lang='lat' dir='ltr'><strong>in</strong></span> <span class='ocrx_word' id='word_1_118' title='bbox 605 3004 743 3095; x_wconf 86' lang='lat' dir='ltr'><strong>scriptis</strong></span> <span class='ocrx_word' id='word_1_119' title='bbox 774 3004 884 3087; x_wconf 81' lang='lat' dir='ltr'><strong>dates,</strong></span> <span class='ocrx_word' id='word_1_120' title='bbox 911 3004 967 3074; x_wconf 87' lang='lat' dir='ltr'><strong>vel</strong></span> <span class='ocrx_word' id='word_1_121' title='bbox 998 3004 1034 3073; x_wconf 88' lang='lat' dir='ltr'><strong>in</strong></span> <span class='ocrx_word' id='word_1_122' title='bbox 1063 3005 1194 3098; x_wconf 88' lang='lat' dir='ltr'><strong>scripta</strong></span> 
     </span>
     <span class='ocr_line' id='line_1_20' title="bbox 141 3116 1194 3210; baseline 0.002 -23"><span class='ocrx_word' id='word_1_123' title='bbox 141 3116 243 3207; x_wconf 87' lang='lat' dir='ltr'><strong>jussu</strong></span> <span class='ocrx_word' id='word_1_124' title='bbox 253 3116 386 3208; x_wconf 88' lang='lat' dir='ltr'><strong>judicis</strong></span> <span class='ocrx_word' id='word_1_125' title='bbox 402 3117 583 3188; x_wconf 85' lang='lat' dir='ltr'><strong>redactas:</strong></span> <span class='ocrx_word' id='word_1_126' title='bbox 602 3139 718 3208; x_wconf 90' lang='lat' dir='ltr'><strong>neque</strong></span> <span class='ocrx_word' id='word_1_127' title='bbox 736 3120 878 3210; x_wconf 85' lang='lat' dir='ltr'><strong>respicit</strong></span> <span class='ocrx_word' id='word_1_128' title='bbox 895 3118 968 3188; x_wconf 90' lang='lat' dir='ltr'><strong>litis</strong></span> <span class='ocrx_word' id='word_1_129' title='bbox 981 3120 1194 3189; x_wconf 87' lang='lat' dir='ltr'><strong>contestatio</strong></span> 
     </span>
     <span class='ocr_line' id='line_1_21' title="bbox 148 3231 1195 3328; baseline 0.005 -27"><span class='ocrx_word' id='word_1_130' title='bbox 148 3232 348 3315; x_wconf 82' lang='lat' dir='ltr'><strong>incidentia,</strong></span> <span class='ocrx_word' id='word_1_131' title='bbox 369 3231 423 3302; x_wconf 86' lang='lat' dir='ltr'><strong>vel</strong></span> <span class='ocrx_word' id='word_1_132' title='bbox 441 3235 669 3326; x_wconf 82' lang='lat' dir='ltr'><strong>emergentia,</strong></span> <span class='ocrx_word' id='word_1_133' title='bbox 688 3235 749 3303; x_wconf 87' lang='lat' dir='ltr'><strong>sed</strong></span> <span class='ocrx_word' id='word_1_134' title='bbox 768 3235 959 3328; x_wconf 87' lang='lat' dir='ltr'><strong>principale</strong></span> <span class='ocrx_word' id='word_1_135' title='bbox 981 3246 1089 3328; x_wconf 86' lang='lat' dir='ltr'><strong>ceput</strong></span> <span class='ocrx_word' id='word_1_136' title='bbox 1112 3259 1195 3306; x_wconf 91' lang='lat' dir='ltr'><strong>con-</strong></span> 
     </span>
     <span class='ocr_line' id='line_1_22' title="bbox 148 3348 1193 3445; baseline 0 -27"><span class='ocrx_word' id='word_1_137' title='bbox 148 3351 336 3420; x_wconf 82' lang='lat' dir='ltr'><strong>troversiae.</strong></span> <span class='ocrx_word' id='word_1_138' title='bbox 398 3348 447 3420; x_wconf 88' lang='lat' dir='ltr'><strong>Et</strong></span> <span class='ocrx_word' id='word_1_139' title='bbox 481 3350 621 3442; x_wconf 81' lang='lat' dir='ltr'><strong>quondo</strong></span> <span class='ocrx_word' id='word_1_140' title='bbox 656 3351 691 3419; x_wconf 92' lang='lat' dir='ltr'><strong>in</strong></span> <span class='ocrx_word' id='word_1_141' title='bbox 720 3350 832 3421; x_wconf 84' lang='lat' dir='ltr'><strong>forma</strong></span> <span class='ocrx_word' id='word_1_142' title='bbox 862 3359 899 3420; x_wconf 91' lang='lat' dir='ltr'><strong>et</strong></span> <span class='ocrx_word' id='word_1_143' title='bbox 929 3350 1040 3445; x_wconf 86' lang='lat' dir='ltr'><strong>ligura</strong></span> <span class='ocrx_word' id='word_1_144' title='bbox 1067 3351 1193 3442; x_wconf 90' lang='lat' dir='ltr'><strong>judicii</strong></span> 
     </span>
     <span class='ocr_line' id='line_1_23' title="bbox 148 3462 1193 3554; baseline -0.001 -20"><span class='ocrx_word' id='word_1_145' title='bbox 148 3462 409 3554; x_wconf 86' lang='lat' dir='ltr'><strong>procedendum</strong></span> <span class='ocrx_word' id='word_1_146' title='bbox 427 3474 491 3543; x_wconf 86' lang='lat' dir='ltr'><strong>est,</strong></span> <span class='ocrx_word' id='word_1_147' title='bbox 510 3465 538 3533; x_wconf 88' lang='lat' dir='ltr'><strong>si</strong></span> <span class='ocrx_word' id='word_1_148' title='bbox 557 3464 684 3534; x_wconf 88' lang='lat' dir='ltr'><strong>omissa</strong></span> <span class='ocrx_word' id='word_1_149' title='bbox 700 3464 818 3543; x_wconf 83' lang='lat' dir='ltr'><strong>fuerit,</strong></span> <span class='ocrx_word' id='word_1_150' title='bbox 837 3463 998 3534; x_wconf 87' lang='lat' dir='ltr'><strong>inanibus</strong></span> <span class='ocrx_word' id='word_1_151' title='bbox 1016 3463 1193 3534; x_wconf 89' lang='lat' dir='ltr'><strong>laboribus</strong></span> 
     </span>
     <span class='ocr_line' id='line_1_24' title="bbox 147 3580 800 3674; baseline -0.005 -23"><span class='ocrx_word' id='word_1_152' title='bbox 147 3589 184 3651; x_wconf 90' lang='lat' dir='ltr'><strong>et</strong></span> <span class='ocrx_word' id='word_1_153' title='bbox 201 3580 402 3674; x_wconf 84' lang='lat' dir='ltr'><strong>sumptibus</strong></span> <span class='ocrx_word' id='word_1_154' title='bbox 420 3590 594 3651; x_wconf 81' lang='lat' dir='ltr'><strong>vexantur</strong></span> <span class='ocrx_word' id='word_1_155' title='bbox 611 3581 800 3673; x_wconf 85' lang='lat' dir='ltr'><strong>litigantes.</strong></span> 
     </span>
    </p>
   </div>
   <div class='ocr_carea' id='block_1_8' title="bbox 540 3796 793 3881">
    <p class='ocr_par' dir='ltr' id='par_1_10' title="bbox 540 3796 793 3881">
     <span class='ocr_line' id='line_1_25' title="bbox 540 3796 793 3881; baseline -0.012 -20"><span class='ocrx_word' id='word_1_156' title='bbox 540 3798 589 3861; x_wconf 83' lang='lat' dir='ltr'><strong>De</strong></span> <span class='ocrx_word' id='word_1_157' title='bbox 604 3796 793 3881; x_wconf 77' lang='lat' dir='ltr'><strong>consessione.</strong></span> 
     </span>
    </p>
   </div>
   <div class='ocr_carea' id='block_1_9' title="bbox 148 3930 1193 4259">
    <p class='ocr_par' dir='ltr' id='par_1_11' title="bbox 148 3930 1193 4259">
     <span class='ocr_line' id='line_1_26' title="bbox 197 3930 1192 4025; baseline 0 -22"><span class='ocrx_word' id='word_1_158' title='bbox 197 3930 291 4003; x_wconf 83' lang='lat' dir='ltr'><strong>Cum</strong></span> <span class='ocrx_word' id='word_1_159' title='bbox 317 3931 438 4004; x_wconf 91' lang='lat' dir='ltr'><strong>libello</strong></span> <span class='ocrx_word' id='word_1_160' title='bbox 456 3934 533 4025; x_wconf 88' lang='lat' dir='ltr'><strong>jam</strong></span> <span class='ocrx_word' id='word_1_161' title='bbox 559 3932 680 4005; x_wconf 90' lang='lat' dir='ltr'><strong>oblato</strong></span> <span class='ocrx_word' id='word_1_162' title='bbox 706 3956 786 4004; x_wconf 90' lang='lat' dir='ltr'><strong>reus</strong></span> <span class='ocrx_word' id='word_1_163' title='bbox 812 3934 1010 4014; x_wconf 85' lang='lat' dir='ltr'><strong>confitetur,</strong></span> <span class='ocrx_word' id='word_1_164' title='bbox 1029 3957 1073 4003; x_wconf 86' lang='lat' dir='ltr'><strong>ex</strong></span> <span class='ocrx_word' id='word_1_165' title='bbox 1099 3933 1192 4003; x_wconf 90' lang='lat' dir='ltr'><strong>illius</strong></span> 
     </span>
     <span class='ocr_line' id='line_1_27' title="bbox 148 4049 1193 4143; baseline 0 -22"><span class='ocrx_word' id='word_1_166' title='bbox 148 4049 367 4121; x_wconf 86' lang='lat' dir='ltr'><strong>confessione</strong></span> <span class='ocrx_word' id='word_1_167' title='bbox 396 4049 437 4120; x_wconf 88' lang='lat' dir='ltr'><strong>lis</strong></span> <span class='ocrx_word' id='word_1_168' title='bbox 464 4061 519 4122; x_wconf 88' lang='lat' dir='ltr'><strong>est</strong></span> <span class='ocrx_word' id='word_1_169' title='bbox 544 4059 752 4134; x_wconf 78' lang='lat' dir='ltr'><strong>contestata,</strong></span> <span class='ocrx_word' id='word_1_170' title='bbox 781 4051 809 4122; x_wconf 87' lang='lat' dir='ltr'><strong>si</strong></span> <span class='ocrx_word' id='word_1_171' title='bbox 838 4051 980 4143; x_wconf 90' lang='lat' dir='ltr'><strong>quidem</strong></span> <span class='ocrx_word' id='word_1_172' title='bbox 1004 4050 1118 4141; x_wconf 89' lang='lat' dir='ltr'><strong>judex</strong></span> <span class='ocrx_word' id='word_1_173' title='bbox 1150 4075 1193 4121; x_wconf 83' lang='lat' dir='ltr'><strong>ea</strong></span> 
     </span>
     <span class='ocr_line' id='line_1_28' title="bbox 150 4167 1191 4259; baseline -0.001 -22"><span class='ocrx_word' id='word_1_174' title='bbox 150 4167 271 4238; x_wconf 90' lang='lat' dir='ltr'><strong>habita</strong></span> <span class='ocrx_word' id='word_1_175' title='bbox 288 4176 405 4259; x_wconf 86' lang='lat' dir='ltr'><strong>potest</strong></span> <span class='ocrx_word' id='word_1_176' title='bbox 422 4168 465 4239; x_wconf 91' lang='lat' dir='ltr'><strong>ad</strong></span> <span class='ocrx_word' id='word_1_177' title='bbox 489 4170 702 4239; x_wconf 84' lang='lat' dir='ltr'><strong>seutentiam</strong></span> <span class='ocrx_word' id='word_1_178' title='bbox 724 4168 903 4239; x_wconf 87' lang='lat' dir='ltr'><strong>ferendam</strong></span> <span class='ocrx_word' id='word_1_179' title='bbox 929 4167 1110 4259; x_wconf 85' lang='lat' dir='ltr'><strong>progredi:</strong></span> <span class='ocrx_word' id='word_1_180' title='bbox 1137 4167 1191 4236; x_wconf 90' lang='lat' dir='ltr'><strong>sin</strong></span> 
     </span>
    </p>
   </div>
   <div class='ocr_carea' id='block_1_10' title="bbox 151 4281 1190 4470">
    <p class='ocr_par' dir='ltr' id='par_1_12' title="bbox 151 4281 1190 4470">
     <span class='ocr_line' id='line_1_29' title="bbox 151 4281 1190 4376; baseline 0.001 -24"><span class='ocrx_word' id='word_1_181' title='bbox 151 4304 232 4353; x_wconf 85' lang='lat' dir='ltr'><strong>vero</strong></span> <span class='ocrx_word' id='word_1_182' title='bbox 245 4281 418 4354; x_wconf 84' lang='lat' dir='ltr'><strong>confessio</strong></span> <span class='ocrx_word' id='word_1_183' title='bbox 435 4283 610 4376; x_wconf 78' lang='lat' dir='ltr'><strong>praecedat</strong></span> <span class='ocrx_word' id='word_1_184' title='bbox 628 4282 842 4355; x_wconf 87' lang='lat' dir='ltr'><strong>oblationem</strong></span> <span class='ocrx_word' id='word_1_185' title='bbox 862 4282 984 4368; x_wconf 89' lang='lat' dir='ltr'><strong>libelli,</strong></span> <span class='ocrx_word' id='word_1_186' title='bbox 997 4305 1043 4354; x_wconf 85' lang='lat' dir='ltr'><strong>ex</strong></span> <span class='ocrx_word' id='word_1_187' title='bbox 1061 4305 1104 4353; x_wconf 89' lang='lat' dir='ltr'><strong>ea</strong></span> <span class='ocrx_word' id='word_1_188' title='bbox 1120 4305 1190 4353; x_wconf 89' lang='lat' dir='ltr'><strong>nou</strong></span> 
     </span>
     <span class='ocr_line' id='line_1_30' title="bbox 649 4405 711 4470; baseline -0.016 0"><span class='ocrx_word' id='word_1_189' title='bbox 649 4421 669 4470; x_wconf 84' lang='lat' dir='ltr'><strong>r</strong></span> <span class='ocrx_word' id='word_1_190' title='bbox 688 4405 711 4469; x_wconf 77' lang='lat' dir='ltr'><strong>a</strong></span> 
     </span>
    </p>
   </div>
   <div class='ocr_carea' id='block_1_11' title="bbox 0 0 1353 4800">
    <p class='ocr_par' dir='ltr' id='par_1_13' title="bbox 0 0 1353 4800">
     <span class='ocr_line' id='line_1_31' title="bbox 0 0 1353 4800; baseline 0 0"><span class='ocrx_word' id='word_1_191' title='bbox 0 0 1353 4800; x_wconf 95' lang='lat' dir='ltr'><strong> </strong></span> 
     </span>
    </p>
   </div>
  </div>
 </body>
</html>
