2692 4800
146 249 194 324 74
513 265 562 314 nn
588 263 830 316 runosrroun.

145 440 251 510 quam
279 415 493 488 calliditates
518 417 770 500 detractorum,
788 440 835 487 ex
855 415 1040 510 republica
1064 415 1189 489 debent

146 529 301 602 excludi.
354 529 514 601 Primum
550 531 646 600 enim
676 531 744 600 hoo
773 530 810 600 in
840 552 946 601 causa
974 530 1191 625 purgationis

146 649 206 734 sit,
229 655 271 717 ut
295 649 323 717 si
350 648 429 740 quis
458 648 493 718 in
520 647 756 742 suspicionem
783 646 1013 718 ecclesiastici
1039 647 1190 719 criminis

145 764 293 846 venerit,
319 773 357 834 et
385 763 479 856 apud
506 762 619 834 bonos
649 773 687 849 et
714 760 909 836 laudabiles
934 763 1029 834 viros
1053 762 1191 856 publiea

145 880 286 961 infamis
302 903 378 951 esse
391 882 549 973 coeperit,
561 878 647 950 licet
660 879 764 973 plane
777 902 849 950 non
862 879 973 972 possit
987 878 1035 951 de
1046 881 1190 953 crimine

145 1003 315 1077 constare,
341 1003 461 1065 tamen
492 994 664 1065 arbitratu
686 986 827 1088 judicis
848 993 1021 1065 infamata
1047 1016 1191 1088 persona

145 1132 245 1181 suam
263 1111 503 1183 defensionem
521 1111 683 1182 instruat.

352 1342 430 1429 Oap.
448 1362 479 1410 2.
507 1343 639 1415 Quando
647 1345 834 1431 purgationi
847 1343 927 1411 locta
940 1354 991 1411 cst.

195 1463 375 1547 Defensio,
396 1489 502 1558 quam
527 1465 633 1560 vulgo
658 1467 905 1560 purgationem
929 1466 1065 1547 dicunt,
1087 1464 1194 1536 habet

145 1582 285 1676 proprie
310 1583 381 1652 duo
406 1596 576 1677 tempora,
594 1606 743 1676 quorum
767 1582 920 1653 alterum
943 1590 999 1653 est
1024 1605 1110 1653 oum
1134 1583 1194 1654 ad..

146 1718 267 1766 versus
292 1695 418 1791 aliquis
443 1699 583 1770 infamis
611 1721 731 1768 rumor
755 1697 897 1792 publice
922 1698 1121 1769 dimanavit
1149 1699 1193 1769 de

146 1812 265 1905 aliqua
303 1837 463 1907 persona,
496 1816 690 1908 praesertim
733 1814 778 1885 ad
815 1815 983 1885 honestos
1022 1824 1060 1884 et
1103 1814 1194 1886 bene

146 1939 300 2001 moratos
327 1930 676 2014 homines,alten1m
704 1940 759 2001 est
786 1930 927 2023 quando
957 1952 1039 2001 reus
1067 1924 1237 2023 aliquis3⁶

146 2045 182 2113 in
194 2046 330 2138 judicio
344 2047 459 2117 factus
476 2055 539 2129 est,
554 2054 725 2117 ettamen
743 2044 912 2140 legitimis
927 2045 1195 2138 probationibus

146 2164 308 2233 convinci
339 2186 408 2233 non
438 2172 567 2255 potest,
597 2161 659 2232 sed
690 2163 827 2257 maguis
861 2163 1004 2232 interim
1036 2172 1075 2235 et
1105 2164 1194 2236 veri·

146 2278 319 2350 similibus
335 2279 543 2372 praejudieiis
561 2288 718 2372 urgetur.

328 2504 404 2590 Cap.
421 2525 451 2588 3.
478 2502 604 2584 Quando
613 2504 760 2589 purgatio
775 2523 834 2566 aon
849 2501 1009 2566 indicitur.

198 2626 392 2698 Manifesto
410 2627 556 2697 crimine
575 2625 692 2698 nullus
713 2636 767 2696 est
785 2625 982 2697 defensioni
1001 2625 1112 2709 locus,
1130 2651 1194 2699 uec

146 2767 263 2814 rursus
281 2744 325 2814 ad
343 2745 589 2837 purgationem
608 2767 687 2813 reus
706 2742 796 2812 tradi
815 2743 934 2823 debet,
949 2766 1031 2813 curn
1049 2743 1195 2816 infamia

146 2859 385 2951 probabilibus
420 2860 533 2928 causis
567 2882 637 2928 non
674 2859 809 2941 nititur,
841 2859 902 2929 sed
937 2858 1125 2929 mendacio
1158 2869 1195 2930 et

147 2974 344 3059 calumnia3
372 2975 433 3045 sed
461 2984 582 3044 tamen
608 2997 688 3043 reus
715 2975 789 3066 ipse
814 2975 842 3045 si
869 2998 939 3045 susc
965 2974 1120 3047 confisus
1144 2977 1196 3046 iu·

147 3095 319 3163 nocentiae
353 3093 473 3185 cupiat
504 3090 662 3184 publicos
692 3091 887 3162 honestatis
917 3114 989 3162 suas
1018 3101 1131 3164 testes
1159 3095 1194 3163 in

141 3210 315 3301 judicium
334 3210 520 3294 deducere,
537 3229 676 3301 aeqnum
694 3217 748 3277 cst
766 3206 833 3277 hoc
850 3206 902 3276 illi
920 3209 1078 3278 concedi.

266 3441 343 3524 Cap.
360 3462 391 3521 4.
416 3437 581 3502 Daranalis
597 3436 630 3499 in
645 3435 732 3500 ciuili
738 3434 860 3520 judicio
875 3458 936 3500 aon
950 3446 992 3501 est
1006 3458 1083 3522 opus

469 3538 666 3604 sccbsiastioo
675 3538 871 3624 primatiores.

199 3663 371 3757 Magnam
402 3662 650 3756 indignitatem
681 3660 782 3731 nobis
811 3660 942 3731 habere
972 3661 1127 3745 videtur,
1156 3672 1194 3731 ut

148 3780 391 3851 ecclesiastiea
409 3802 574 3872 personae,
592 3800 673 3848 cum
690 3800 712 3846 a
729 3774 892 3846 civilibus
912 3777 1041 3848 nostris
1059 3776 1196 3873 legibus

149 3898 308 3992 capitalis
342 3897 496 3967 criminis
529 3895 819 3988 pronunciantur,
850 3915 969 3965 rursus
1004 3893 1049 3963 ad
1085 3893 1194 3965 eccle·

150 4015 278 4087 siastici
298 4015 362 4084 fori
373 4014 549 4107 judicium
568 4009 771 4104 relegentur
787 4023 824 4079 et
842 4017 1050 4103 purgentur.
1104 4010 1194 4080 Nam

150 4135 243 4203 acics
265 4135 302 4201 in
324 4157 365 4201 co
390 4139 516 4200 uostroe
541 4129 679 4198 videtur
699 4126 924 4197 authoritatis
942 4127 1142 4218 praescindi,
1159 4134 1192 4197 et

149 4250 299 4322 retundi.
336 4248 478 4318 Etenim
494 4269 574 4315 curn
589 4246 750 4315 omuibus
769 4245 866 4338 regni
886 4243 996 4314 nostri
1015 4242 1192 4315 ordinibus
