2692 4800
84 993 153 1065 ΑΙ)
184 993 409 1067 DOCTUM
440 993 502 1065 ET
527 992 816 1068 CANDIDUM
848 993 1135 1067 LECTOREM.

392 1227 627 1285 PRAEFATIO.
754 1229 778 1286 1.
794 1229 827 1284 F.

498 1451 725 1475 ...ο-.-

155 1620 268 1686 UUM
296 1621 375 1686 nihil
394 1622 447 1702 sit,
463 1622 547 1707 qued
568 1621 616 1686 vel
636 1622 678 1686 ad
699 1643 897 1687 communem
921 1622 1061 1687 omnium
1083 1645 1137 1689 ua·

199 1730 319 1800 turam,
343 1723 392 1787 vel
416 1723 459 1788 ad
484 1721 641 1807 privatam
671 1722 822 1807 cujusque
848 1722 983 1787 salutem
1008 1723 1138 1810 propius

87 1825 260 1911 pertineat,
280 1848 378 1912 quam
402 1833 440 1890 ut
465 1826 497 1889 in
517 1847 642 1911 quaque
669 1824 849 1910 reipublicae
873 1825 1028 1891 societate
1049 1833 1139 1891 recta

88 1928 249 2015 religionis
267 1927 414 1993 doctrina
431 1928 620 2008 retineatur,
634 1934 704 1993 tum
721 1928 764 1993 ad
784 1928 866 1992 hane
886 1929 988 2014 ipsam
1008 1929 1138 2016 optimae

89 2031 250 2117 religionis
274 2031 511 2097 institutionem
535 2052 600 2095 non
625 2052 738 2116 parum
763 2031 918 2109 retulerit,
944 2031 1139 2116 optimarum

88 2135 211 2220 pariter
234 2135 341 2221 legum
362 2134 512 2200 accedere
535 2133 759 2218 disciplinam:
795 2154 929 2218 quarum
954 2134 1056 2200 altera
1080 2156 1139 2199 nos

88 2238 133 2302 ad
161 2237 315 2324 pietatem
343 2237 501 2315 informet,
531 2236 634 2302 altera
663 2242 829 2301 externam
862 2237 1026 2301 hominum
1055 2237 1140 2303 inter

89 2336 175 2422 ipses
204 2338 303 2403 vitam
327 2359 494 2422 moresque
521 2344 702 2421 componat.
758 2337 836 2418 Quae
866 2338 938 2403 duoe
967 2361 1018 2404 res
1047 2339 1140 2404 simul

89 2443 267 2527 conjunctae
289 2446 327 2506 ut
348 2441 517 2526 plurimum
538 2438 572 2503 in
594 2439 680 2503 omni
705 2440 868 2525 republica
893 2448 979 2506 recte
1005 2441 1139 2507 admini-

89 2545 225 2610 stranda
246 2543 361 2621 valent,
376 2564 507 2628 seseque
529 2547 641 2607 mutuo
659 2544 793 2628 juvant;
823 2542 915 2608 itasi
938 2543 1138 2619 divellantur,

91 2645 223 2732 perinde
250 2666 289 2710 ac
319 2643 345 2708 si
375 2665 487 2708 navem
519 2665 606 2708 seces
637 2643 784 2722 mediam,
814 2644 900 2710 haud
929 2645 976 2711 ita
1004 2647 1140 2712 multum

90 2748 193 2825 video,
209 2746 284 2832 quid
304 2754 362 2812 aut
379 2746 448 2811 haec
463 2747 531 2811 sine
549 2746 612 2824 illa,
628 2753 686 2811 aut
701 2755 837 2834 utreque
852 2771 927 2836 pars
946 2749 1013 2814 eine
1027 2750 1139 2829 altera,

90 2851 141 2915 his
158 2850 336 2937 praesertim
349 2849 546 2934 temporibus
564 2850 744 2915 contulerit.
790 2850 872 2916 Nam
887 2852 1025 2917 utnulla
1042 2875 1140 2938 quan·
1149 2868 1210 2918 cam
1222 2869 1302 2932 nugi-

93 2955 210 3019 tumvis
234 2959 361 3018 morata
383 2952 494 3017 civitas
518 2958 576 3018 aut
597 2975 730 3040 regnum
751 2955 916 3019 commode
937 2955 1047 3020 haberi
1069 2949 1269 3062 pceffiffij

91 3057 144 3135 eit,
174 3058 201 3121 si
230 3056 317 3122 absit
345 3063 403 3122 aut
434 3057 564 3122 aberret
596 3056 759 3143 religionis
792 3058 926 3144 regula3
964 3058 1010 3123 sie
1039 3079 1244 3144 nequemorun}

91 3160 202 3246 religio
229 3181 340 3223 rursus
372 3159 607 3244 quantumlibet
635 3160 762 3225 exculta
789 3160 978 3246 praestiterit
1009 3161 1051 3225 ad
1085 3162 1140 3225 ab·
1148 3130 1281 3194 dmm

93 3261 276 3326 solvendam
304 3261 464 3326 felicitatis
489 3261 726 3348 perfectionem,
753 3261 807 3325 ubi
834 3283 892 3326 nec
917 3284 1040 3326 morum
1065 3284 1143 3327 cura

92 3364 239 3442 habetur,
266 3386 325 3429 nec
349 3364 541 3449 judiciorum
570 3371 716 3429 servatur
744 3364 906 3429 severitas.
952 3364 1050 3428 Unde
1078 3387 1142 3428 nou

93 3467 206 3532 inscite
234 3468 277 3531 ab
308 3467 491 3553 Augustino
521 3467 642 3532 dictum
672 3467 809 3552 estqui
840 3468 880 3532 de
910 3467 972 3532 Dei
1002 3469 1142 3533 scribens

92 3570 241 3647 (livitate,
271 3591 364 3655 posse
392 3569 619 3656 rempublicam
647 3569 782 3634 loelicem
811 3592 880 3634 esse
914 3580 1022 3657 negat,
1052 3582 1071 3609 “
1086 3573 1141 3636 ubi

91 3673 253 3739 stantibus
268 3672 396 3759 quidem
410 3672 578 3750 moenibus,
593 3694 697 3737 mores
711 3671 835 3738 ruinam
849 3672 1045 3759 patiuntur.”
1091 3674 1142 3736 ld-

93 3798 193 3862 eoque
215 3798 281 3840 nou
303 3775 361 3840 abs
383 3797 418 3839 re
437 3798 457 3840 a
478 3773 722 3861 sapientissimis
743 3775 917 3860 majoribus
937 3781 1142 3860 prospectum

92 3880 242 3958 arbitrer,
272 3877 327 3963 qui
358 3877 489 3963 praemia
519 3877 641 3963 pariter
677 3899 748 3941 cum
777 3878 880 3963 poenis
916 3885 1140 3963 temperantes,

94 3981 247 4067 simulque
271 4002 344 4045 cum
364 3979 515 4066 religione
537 3981 642 4067 legum
665 3981 850 4067 colligantes
873 3979 1032 4058 instituta,
1056 3981 1141 4045 omni

94 4086 273 4173 reipublicae
303 4083 390 4170 parti
420 4084 646 4149 consulendum
675 4090 877 4171 putaverunt,
905 4106 968 4169 que
998 4083 1144 4149 videlicet

95 4210 148 4254 nec
163 4189 257 4255 benis
275 4188 410 4267 deesset,
426 4209 489 4273 quo
504 4188 545 4253 ad
560 4188 694 4254 virtutes
714 4187 931 4272 sincerumque
947 4185 1008 4250 Dei
1023 4186 1143 4250 cultum

587 4293 609 4356 b
624 4294 645 4354 2
