2692 4800
152 276 225 349 266
458 298 508 347 nu
532 298 890 353 runsuurrroumus.
946 298 952 309 ·

364 941 432 1011 DE
468 940 984 1015 PRAESUMPTIONIBUS.

421 1155 497 1241 Gap.
512 1176 539 1220 1.
564 1156 770 1242 Praesumptio
783 1155 860 1242 quid
869 1157 919 1221 rit.

198 1292 431 1386 Praesumptio
452 1304 505 1363 est
527 1293 676 1387 alicujus
696 1296 746 1365 rei
770 1318 816 1365 ex
840 1296 943 1366 variis
966 1297 1199 1367 circumstan-

147 1411 206 1480 tiis
224 1408 373 1480 collecta
389 1410 600 1501 conjectura.

291 1617 367 1702 Gap.
382 1638 410 1686 2.
437 1617 646 1703 Praesumptio
661 1618 825 1683 usurario
838 1629 866 1684 ct
873 1617 1055 1705 proaulo.

196 1766 395 1838 Temeraria
427 1769 654 1860 praesumptio
682 1791 728 1838 ex
759 1793 856 1840 mera
884 1769 1085 1863 suspicione
1119 1792 1202 1863 pro·

146 1884 324 1966 ficiscitur,
342 1894 379 1954 et
396 1883 483 1953 nulli
502 1885 650 1978 vestigio
674 1886 723 1955 rei
745 1897 856 1979 gestae
880 1886 1067 1957 incumbit.
1113 1886 1203 1958 Pro-

146 1999 273 2070 babilis
294 2023 377 2071 vero
405 2002 455 2070 rei
480 2001 636 2095 vestigiis
660 2001 820 2086 inhaeret,
844 2001 930 2073 licet
953 2026 1017 2096 per
1043 2005 1200 2097 seipsam
1217 2012 1275 2079 126

146 2138 217 2185 non
252 2116 347 2188 tollit
381 2118 651 2200 dubitationem,
678 2120 739 2189 sed
769 2128 909 2190 tantum
943 2119 1201 2193 credulitatem

146 2233 303 2304 inducat.

199 2350 394 2422 Probabilis
429 2352 665 2444 praesumptio,
701 2352 756 2422 rel
791 2351 912 2422 unius¹
948 2354 1052 2424 testis
1084 2378 1201 2427 asser-

147 2470 244 2539 tione
273 2480 335 2538 aut
360 2468 478 2559 aliqua
503 2467 697 2560 semiplena
726 2469 931 2562 probatione
960 2471 1094 2563 adjuta,
1122 2472 1201 2565 ple·

146 2608 227 2653 nam
257 2584 361 2655 fidem
391 2584 485 2652 facit.
546 2584 744 2654 Temeraria
774 2608 857 2655 vero
888 2608 1025 2677 prorsus
1056 2596 1113 2658 est
1146 2614 1201 2659 re·

140 2702 305 2793 Jicienda.

412 2874 489 2959 Gap.
502 2895 533 2959 3.
556 2876 764 2960 Praesumptio
780 2875 918 2939 uiolento.

188 3020 358 3092 Violenta
375 3024 599 3114 praesumptio
617 3033 681 3104 est,
693 3046 769 3113 quac
789 3020 941 3091 indiciis²
953 3023 1043 3092 adeo
1060 3028 1199 3116 apertis

144 3138 317 3221 innititur,
336 3148 377 3207 ut
395 3139 440 3218 id,
460 3140 554 3229 quod
572 3162 646 3208 esse
668 3140 903 3218 contenditur,
922 3138 1003 3207 inde
1021 3142 1199 3230 quodam·

144 3255 250 3323 modo
285 3256 477 3324 necessario
515 3257 613 3346 sequi
647 3256 816 3325 videatur.
881 3254 1000 3324 Judex
1035 3279 1109 3327 non
1151 3263 1197 3332 ad

144 3395 251 3441 unam
282 3373 434 3464 speciem
465 3372 680 3465 probationis
714 3374 872 3442 animum
903 3394 1005 3441 suum
1036 3386 1197 3449 coarcta-

145 3487 220 3570 bit;
256 3498 294 3557 et
324 3489 403 3558 ideo
429 3490 465 3557 in
496 3489 617 3570 causis,
644 3513 721 3580 quae
749 3489 793 3558 de
819 3490 872 3557 sui
903 3501 1028 3558 natura
1057 3489 1196 3562 directe

144 3606 283 3698 probari
324 3616 515 3697 nequeunt,
556 3607 885 3699 praesumptionibus
925 3607 969 3675 ad
1009 3607 1195 3680 ferendam

145 3725 357 3793 sententiam
383 3725 510 3794 adduci
539 3725 680 3817 poterit.
737 3722 797 3791 Ex
823 3722 977 3792 violenta
1001 3748 1196 3819 praesump-

144 3842 242 3911 tione
261 3842 421 3933 judicem
444 3865 545 3934 posse
567 3842 656 3910 ferre
683 3841 893 3910 sententiam
916 3841 1081 3933 exemplo
1101 3847 1194 3937 regis

144 3958 342 4030 Salomonis
366 3960 543 4041 docemur,
561 3960 618 4050 qui
644 3981 784 4028 causam
802 3958 895 4028 inter
915 3958 1001 4028 duas
1024 3960 1193 4033 mulieres

143 4077 297 4156 audiens,
316 4086 423 4166 atque
447 4073 509 4144 ex³
533 4074 681 4145 naturali
706 4076 809 4145 unius
832 4098 950 4145 aurore
975 4073 1193 4169 alteriusque

144 4194 224 4284 odio
249 4216 331 4286 erga
357 4193 528 4263 infant-em
555 4215 672 4262 voram
697 4204 845 4263 matrem
873 4191 1085 4275 discernens,
1104 4218 1192 4266 eun·

312 4330 319 4374 ¹
339 4354 418 4390 unua.
582 4332 596 4375 2
607 4332 729 4407 judiciis.
893 4329 907 4373 3
922 4351 957 4387 ex
972 4350 1024 4387 om.
