2692 4800
449 301 519 353 vsu
537 301 747 352 couvnurnu
766 302 918 353 nnausr.
1134 289 1204 363 189

175 516 252 602 cop.
265 536 298 602 3.
328 514 417 585 Quid
432 515 610 600 requiratur
624 515 669 580 od
685 516 839 581 abacta
851 515 1134 601 pronuntiatum
1148 517 1183 580 is

521 617 644 702 Μείε
660 617 829 683 miramo.

203 738 250 810 In
267 739 416 835 judiciis
441 739 626 811 ordinariis
647 739 819 823 civilibus,
835 739 881 809 ad
904 739 1203 833 pronunciandam

159 853 391 928 sententiaml
416 856 566 928 sufficiat
585 855 691 949 plena
713 857 869 952 cognitio
893 879 1015 927 causae.
1066 855 1203 928 Verum

159 974 190 1044 in
207 972 453 1044 criminalibus
469 981 614 1065 propter
629 971 825 1066 periculum
838 974 1008 1044 acerrima
1024 971 1203 1066 indagatio

159 1090 379 1172 adhibeatur,
397 1112 513 1183 neque
535 1089 659 1160 inillis
679 1091 940 1182 pronunciatur,
958 1089 1022 1159 nisi
1048 1090 1204 1182 cognitio

159 1229 269 1279 causac
303 1206 477 1278 habeatur
510 1205 723 1301 plenissima,
751 1216 790 1276 et
819 1206 1042 1299 probationes
1072 1206 1204 1276 fixerint

157 1323 229 1417 ipsa
247 1322 330 1393 lnce
346 1320 520 1393 clariores.

374 1491 453 1577 (lap.
463 1514 496 1574 4.
519 1492 569 1556 De
575 1491 709 1576 judiciis
723 1490 988 1556 retroordloon'e's.

206 1620 253 1691 In
283 1619 569 1692 extraordinariis
591 1618 737 1711 judiciis
766 1620 978 1712 procedendi
1012 1621 1098 1692 ordo
1131 1643 1203 1692 non

152 1737 366 1808 observatur
387 1737 503 1828 quoad
521 1737 653 1807 omnia.
706 1732 995 1806 Distribunutur²
1011 1746 1130 1806 antem
1148 1735 1204 1806 ἰιι3

142 1852 287 1943 judicia
311 1853 511 1932 summaria,
530 1851 575 1921 da
600 1850 705 1944 plano
731 1861 768 1922 et
791 1852 866 1922 sine
888 1852 1050 1945 strepitu,
1068 1860 1106 1921 et
1128 1853 1204 1923 sine

151 1969 272 2040 forma
287 1975 327 2038 et
341 1966 456 2061 figura
464 1966 602 2061 judicii.

416 2136 493 2222 Gap.
504 2155 536 2222 5.
561 2137 610 2201 De
616 2137 749 2220 judiciis
763 2139 949 2204 cammarir'a

208 2268 253 2338 In
271 2268 470 2339 summariis
486 2268 632 2359 judiciis
655 2268 736 2340 lites
759 2269 891 2362 absque
908 2280 1035 2341 exacta
1052 2270 1205 2363 probati-

157 2407 226 2455 one
248 2393 397 2478 possunt
421 2384 568 2464 definiri,
586 2396 627 2454 ut
649 2387 678 2455 si
701 2386 794 2457 actio
820 2388 866 2457 sit
885 2388 931 2458 ad
951 2385 1204 2468 exhibendum,

156 2509 195 2572 et
225 2500 344 2592 quoad
372 2522 495 2570 omnes
520 2497 618 2571 illas⁴
646 2502 856 2593 quaestiones
880 2526 962 2595 quae
988 2503 1080 2572 circa
1107 2502 1205 2572 inda-
1307 2563 1309 2566 ,

157 2617 340 2712 gationem
369 2615 571 2710 principalis
603 2640 716 2688 causae
750 2628 947 2714 emergnnt,
978 2619 1084 2690 modo
1115 2617 1205 2689 tales

158 2729 303 2816 inerint,
329 2737 371 2800 ut
396 2751 516 2800 aarum
544 2728 702 2800 definitio
728 2753 797 2801 non
824 2731 937 2823 pariat
962 2730 1204 2824 praejudicium

158 2844 393 2940 litigantibus,
416 2868 488 2938 quo
513 2846 631 2915 minus
651 2846 713 2940 jus
739 2869 842 2916 suum
873 2846 943 2916 alio
961 2847 1099 2938 judicio
1126 2868 1205 2938 pro·

158 2958 445 3063 sequilpossint5.
497 2959 565 3030 Illa
585 2983 726 3052 quoque
750 2963 940 3032 summaria
958 2971 1041 3033 sunt
1055 2960 1203 3053 judicia,

158 3080 195 3149 in
231 3078 359 3170 quibus
392 3076 617 3170 probationes
658 3076 822 3148 adversus
859 3077 1041 3149 absentem
1077 3075 1205 3147 admit-

157 3203 296 3266 tantm.

254 3356 332 3442 (lap.
344 3359 375 3421 6.
398 3358 559 3421 Processus
572 3355 610 3419 du
619 3353 716 3440 plano
729 3362 757 3418 ot
770 3354 837 3418 sinc
850 3353 1108 3440 ειιιερόιιιΜετὶ.

208 3485 432 3579 Quandoque
450 3487 495 3556 de
516 3483 632 3577 plano,
652 3483 706 3554 vel
726 3483 781 3571 (ut
798 3484 943 3571 dicitur)
961 3484 1036 3555 sine
1053 3484 1205 3576 strepitu

156 3601 301 3694 procedi
329 3609 457 3693 potest,
489 3600 629 3691 quando
659 3595 814 3669 scilicet⁶
838 3600 1001 3691 ajudice
1026 3608 1127 3670 extra
1153 3598 1203 3669 lo·

157 3741 240 3789 cum
272 3717 499 3798 ordinarium,
522 3717 607 3786 dum
638 3738 701 3808 pro
731 3715 898 3786 tribunali
929 3738 1000 3786 non
1030 3717 1139 3795 sedet,
1167 3726 1205 3786 et

157 3833 255 3905 feriis
288 3855 359 3903 non
389 3832 583 3901 observatis
605 3831 783 3922 judicium
812 3831 977 3925 agitatur,
1005 3832 1205 3923 recipiendo

156 3945 321 4019 libellum
344 3946 502 4030 actionis,
520 3956 583 4016 aut
607 3945 726 4016 literas
747 3943 1036 4038 appellationum,
1053 3953 1091 4014 et
1108 3945 1206 4036 quic·

155 4061 244 4155 quid
267 4071 322 4132 est
339 4081 473 4142 eorum,
491 4082 570 4152 quae
591 4061 682 4153 parti
700 4061 852 4131 adversae
873 4084 943 4131 non
961 4061 1103 4153 pariunt
1120 4083 1206 4152 prae-

201 4205 376 4266 ¹summum.
487 4205 729 4266 ²Describuntur.
838 4208 893 4266 8ιιι
908 4229 959 4268 om.
1061 4208 1163 4266 ⁴alias.

444 4300 598 4380 ⁶possunt.
721 4300 853 4364 ⁶scilicet
868 4327 920 4364 om.
