2692 4800
499 307 723 358 nannenus.
785 364 789 381 p
1063 293 1135 367 127

128 463 242 534 roeoiae
269 463 416 533 suadeat
441 483 504 554 pro
528 461 669 543 viribus,
687 469 728 531 ut
754 482 775 531 s
798 459 1027 533 facultatibus
1053 486 1134 553 quae

128 587 280 672 ppetunt
297 587 424 671 praeter
440 578 595 649 decimas
618 585 759 648 tantum
781 587 908 670 sponte
925 578 1133 663 attribuant,

128 703 259 765 autum
293 694 528 765 necessarium
562 713 639 763 esse
678 691 865 763 videbitur.
933 689 1057 785 Atque
1092 694 1135 765 iis

130 835 148 883 s
178 812 208 882 si
234 835 307 882 non
332 811 521 904 proficitur,
548 811 655 880 tertia
683 810 880 903 reperiatur
914 812 1133 882 minutorum

130 937 220 1020 quot
247 926 532 1009 saoerdotiorum,
549 949 627 1018 quae
651 927 792 996 suntin
816 927 1019 1020 propinquis
1037 926 1133 1012 lonis,

153 1066 266 1114 nuum
300 1065 427 1136 corpus
458 1051 497 1114 st
531 1065 638 1113 unam
669 1041 853 1114 ecelesiam
884 1044 1134 1139 conjungendi,

128 1183 154 1229 ,ο
178 1168 299 1252 pastor
318 1181 395 1228 rem
418 1180 517 1229 suam
543 1158 750 1229 familiarem
775 1157 865 1228 bene
890 1158 985 1229 alere
1008 1168 1045 1228 et
1069 1183 1135 1231 nu·

129 1298 170 1346 re
187 1275 308 1368 possit.
338 1273 402 1346 Sin
419 1296 502 1344 vero
520 1274 671 1345 ministri
688 1275 749 1366 qni
767 1271 904 1367 egent¹‚
920 1275 1040 1346 vicarii
1057 1276 1134 1347 fne-

128 1400 165 1476 tt,
185 1399 264 1462 tum
291 1392 475 1482 episeopus
500 1389 579 1460 illos
602 1389 818 1473 adhortetur,
837 1391 897 1482 qui
923 1414 1133 1484 quacunque

128 1529 191 1578 usa
206 1507 343 1578 fructus
359 1506 585 1577 eeclesiarum
602 1505 795 1599 possident,
810 1507 902 1577 viam
920 1516 962 1577 ut
978 1508 1132 1599 aliquam

128 1624 270 1717 perient,
284 1623 426 1716 inopem
440 1623 609 1693 vinarium
626 1644 667 1692 ao
684 1622 761 1714 ejus
775 1622 946 1694 familiam
960 1632 1132 1715 qnantum

128 1742 168 1813 tis
186 1741 255 1812 erit
272 1738 491 1810 sublevandi.

179 1950 257 2036 Gap.
272 1971 302 2037 9.
324 1952 374 2014 Do
388 1949 511 2014 (1οοί7ηὼ
524 1948 698 2036 nunnus
713 1951 748 2014 in
763 1949 865 2015 aldrao
875 1951 1035 2037 parochio.

133 2091 174 2164 si
192 2093 271 2184 quis
288 2087 345 2160 in²
368 2089 483 2161 aliena
503 2091 654 2182 paroeois
670 2099 808 2161 eertum
825 2090 944 2161 locum
970 2091 1015 2160 ad
1039 2089 1134 2160 deoi-

128 2208 408 2303 recolligendas,
434 2215 497 2278 aut
522 2216 656 2278 oertam
683 2208 901 2278 deeimarum
932 2209 1132 2301 portionem

128 2328 148 2397 »i
177 2325 438 2419 prascriptione
468 2323 627 2418 legitima
657 2321 881 2408 vendicant³‚
912 2326 944 2395 ei
975 2325 1134 2418 praecipi·

128 2465 174 2525 us,
201 2462 247 2511 ne
273 2439 347 2511 ullo
373 2447 548 2533 pretextu
573 2438 683 2509 alium
709 2442 912 2533 quempiam
938 2440 1057 2512 looum
1086 2441 1131 2510 ad

126 2558 298 2653 {ligandos
317 2557 481 2638 decimas,
499 2579 590 2628 nevo
606 2556 693 2627 alias
710 2556 863 2628 decimas
888 2558 924 2628 in
942 2556 1005 2628 illa
1021 2581 1133 2651 paroe·

128 2701 147 2759 ι,
165 2696 335 2768 usurpare
352 2673 492 2745 audeat.

183 2871 261 2958 Gap.
273 2892 323 2936 ιο.
345 2869 501 2935 Poroeoioe
514 2869 670 2934 rodoardus
684 2869 826 2948 ἀεσίιηαι,
840 2891 900 2934 nora
914 2868 1030 2934 ιιιεοὶὶο.

132 3010 171 3082 Si
189 3011 281 3081 forte
299 3010 467 3082 sacellum
485 3009 627 3103 aliquod
645 3011 681 3079 in
704 3011 869 3103 parochia
886 3010 993 3080 situm
1012 3009 1131 3093 fuerit,

130 3127 291 3210 tationes,
326 3128 482 3207 decimae,
517 3128 698 3218 ceterique
733 3128 869 3197 fruetus
904 3124 1130 3197 ecclesiastici

128 3266 154 3312 n
176 3242 430 3313 derivabuntur
451 3245 487 3313 in
506 3241 685 3324 sacellum,
704 3243 766 3312 sed
790 3243 826 3311 in
845 3241 1032 3334 paroeoiam
1048 3263 1132 3310 oon·
1141 3244 1181 3310 28

128 3369 207 3429 ient.
259 3358 297 3430 Si
325 3369 444 3430 tamen
472 3361 662 3452 quicquam
689 3380 789 3429 secus
814 3360 883 3430 rite
913 3358 1129 3442 convenerit,

128 3498 224 3567 prum
243 3485 355 3546 estut
376 3476 464 3546 tides
480 3485 663 3570 pantorum
682 3484 852 3546 servetur.

239 3681 977 3769 cap.11.non0nqoisonadooonontoa

133 3822 203 3894 Pro
224 3825 327 3918 egris,
351 3825 477 3907 fundis,
496 3833 533 3895 et
559 3823 653 3895 solo⁴
678 3847 900 3916 quocunque,
918 3824 993 3893 sive
1018 3821 1131 3892 haere-

128 3940 209 4010 ario
219 3940 312 4031 juro,
323 3941 397 4010 sive
414 3942 536 4032 quavis
554 3941 623 4011 alia
634 3941 650 4033 j
655 3950 733 4011 usta
749 3941 885 4011 ratione
902 3938 1129 4032 possideatur,

127 4054 237 4126 cimas
257 4056 456 4148 persolvere
479 4080 584 4129 nemo
605 4065 760 4150 cogatur,
778 4056 807 4127 si
828 4055 907 4127 lona
930 4051 1130 4144 hujusmodi

127 4196 144 4241 r
170 4171 276 4265 leges,
307 4171 578 4242 constitutiones
603 4171 707 4263 hujus
733 4172 844 4265 regni,
872 4170 1033 4263 legitima
1057 4167 1127 4259 pri-

166 4309 329 4389 ¹eguerint
437 4307 556 4371 ²inom.
670 4311 835 4376 ³vendicat.
946 4306 1045 4366 ⁴loco.
1173 4324 1180 4339 ·
