2692 4800
546 306 836 359 nncnunmnns.
1120 295 1190 370 191

438 961 511 1032 DE
546 960 916 1034 CRIMINIBUS.

613 1188 690 1274 Gap.
705 1208 733 1252 1.

200 1325 408 1398 Crimiualia
425 1326 562 1419 judicia
587 1336 672 1397 tunc
702 1326 759 1420 agi
790 1326 961 1409 dicantur,
989 1328 1130 1419 quando
1159 1329 1196 1397 in

145 1442 281 1534 judicio
307 1442 383 1534 ipso
410 1442 454 1512 de
482 1442 642 1512 crimine*
658 1441 784 1534 agitur,
811 1437 869 1509 ut¹
896 1440 1197 1512 animadversione

144 1553 317 1650 juridica²
340 1557 554 1650 puniantur3
595 1556 689 1648 quod
716 1555 895 1627 interdum
921 1556 983 1627 fiat
1008 1579 1072 1649 per
1096 1578 1198 1626 accu-

149 1684 294 1756 satores,
320 1673 532 1765 quandoque
558 1695 620 1765 per
646 1672 926 1757 denunciatores,
950 1674 1010 1765 qui
1036 1673 1080 1743 ad
1100 1672 1198 1765 judi-

149 1789 357 1861 camdeno
380 1789 544 1859 referant.
596 1787 861 1879 Nonnunquam
880 1787 995 1882 judex
1015 1811 1059 1858 ex
1083 1787 1197 1858 officio

149 1928 213 1976 suo
239 1904 405 1997 inquirat,
431 1926 502 1975 non
531 1904 709 1975 existente
740 1913 943 1974 accusatore
969 1913 1030 1975 aut
1061 1905 1198 1976 denun-

149 2022 306 2102 cistore3
342 2018 531 2112 aliquando
557 2042 641 2090 vero
666 2042 731 2112 per
755 2021 984 2112 exceptiones
1009 2022 1103 2091 inter
1127 2018 1199 2090 liti·

148 2143 275 2228 gantes
296 2134 463 2226 objectas.
514 2130 575 2202 An
594 2155 675 2203 vero
697 2133 733 2201 in
754 2133 810 2203 his
832 2132 1071 2203 criminalibus
1081 2133 1196 2224 judex

150 2249 324 2320 ordinarie
350 2246 408 2318 vel
433 2247 709 2319 extraordinarie
739 2249 928 2340 procedere
954 2248 1094 2331 debeat,
1120 2271 1198 2340 par·

149 2365 215 2434 tim
234 2387 280 2434 ex
305 2362 454 2457 legibus,
471 2364 598 2455 partim
617 2386 663 2433 ex
683 2363 796 2435 verbis
820 2363 1073 2435 commissionis
1095 2363 1198 2435 factae

150 2479 215 2550 sibi
238 2501 260 2549 a
282 2479 393 2561 nobis,
411 2477 599 2573 intelligat.

404 2692 481 2779 Oap.
495 2712 524 2757 2.
548 2693 598 2756 Do
611 2691 788 2756 criminibus
801 2691 938 2755 notoriis.

197 2827 353 2913 Quando
378 2831 512 2901 crimen
537 2839 590 2900 est
617 2831 806 2913 notorium,
825 2852 895 2897 non
921 2828 1112 2920 requiritur
1137 2830 1199 2900 ob·

147 2947 301 3018 servatio
325 2946 504 3038 judiciarii
535 2947 674 3026 ordinis,
701 2945 762 3016 sed
793 2942 860 3015 ex³
890 2944 1070 3015 evidentia
1100 2943 1196 3034 (cum

143 3063 224 3155 jam
254 3070 394 3132 constet
423 3085 445 3133 a
474 3085 545 3154 quo
578 3058 729 3132 crimen⁴
759 3063 806 3132 sit
838 3061 1089 3153 commissum),
1115 3063 1199 3133 satis

147 3185 226 3249 esto
252 3176 354 3248 citari
380 3177 573 3247 obnoxium
594 3177 638 3248 ad
664 3176 876 3247 audiendam
902 3174 1125 3258 sententiam,
1147 3185 1197 3258 ut,

146 3291 177 3363 si
212 3315 300 3385 quas
334 3292 475 3375 habeat,
505 3291 702 3386 probabiles
736 3291 860 3363 afferat
893 3312 1026 3375 causas,
1054 3301 1199 3384 propter

147 3431 235 3503 quas
255 3408 299 3478 ad
325 3407 416 3479 hanc
440 3406 494 3478 vel
520 3408 565 3477 ad
591 3406 687 3477 illam
712 3429 852 3500 poeusrn
875 3406 1101 3477 condemnari
1127 3430 1198 3477 non

147 3525 288 3597 debeat.
351 3523 403 3594 Et
428 3524 457 3594 si
487 3523 621 3594 crimen
647 3523 692 3592 sit
722 3521 911 3604 notorium,
938 3518 1048 3590 nulli⁵
1078 3530 1198 3593 tamen

146 3642 311 3738 legitima
327 3642 381 3712 sui
400 3640 556 3712 defensio
582 3638 745 3733 neganda
761 3646 827 3708 est.
878 3635 971 3707 Cum
989 3638 1034 3707 de
1051 3639 1198 3709 crimine

146 3764 289 3827 constat
313 3755 462 3834 notorio,
484 3776 546 3824 seu
572 3755 702 3824 citatus
728 3753 856 3835 veniat,
880 3774 942 3822 seu
970 3776 1041 3825 non
1067 3754 1197 3838 veniat,

146 3878 273 3940 contra
290 3891 373 3939 eum
391 3869 580 3939 summarie
598 3867 818 3961 procedatur.

287 4071 295 4110 ¹
311 4078 363 4134 vel.
566 4071 727 4152 ²juridicia.
933 4072 996 4133 θοι
1011 4095 1062 4132 om.

434 4172 447 4208 ⁴
460 4175 586 4232 crimine.
801 4166 813 4203 ⁶
827 4172 913 4229 nulla.
