<?xml version="1.0" encoding="UTF-8"?>
<!DOCTYPE html PUBLIC "-//W3C//DTD XHTML 1.0 Transitional//EN"
    "http://www.w3.org/TR/xhtml1/DTD/xhtml1-transitional.dtd">
<html xmlns="http://www.w3.org/1999/xhtml" xml:lang="en" lang="en">
 <head>
  <title>
</title>
<meta http-equiv="Content-Type" content="text/html;charset=utf-8" />
  <meta name='ocr-system' content='tesseract 3.04.00' />
  <meta name='ocr-capabilities' content='ocr_page ocr_carea ocr_par ocr_line ocrx_word'/>
</head>
<body>
  <div class='ocr_page' id='page_1' title='image "./reformationeccl01cardgoog_0405.png"; bbox 0 0 2692 4800; ppageno 0'>
   <div class='ocr_carea' id='block_1_1' title="bbox 218 305 882 372">
    <p class='ocr_par' dir='ltr' id='par_1_1' title="bbox 218 305 882 372">
     <span class='ocr_line' id='line_1_1' title="bbox 218 305 882 372; baseline -0.002 -1"><span class='ocrx_word' id='word_1_1' title='bbox 218 309 283 372; x_wconf 76' lang='lat'><strong>³38</strong></span> <span class='ocrx_word' id='word_1_2' title='bbox 606 305 882 371; x_wconf 81' lang='lat' dir='ltr'><strong>APPENDIX.</strong></span> 
     </span>
    </p>
   </div>
   <div class='ocr_carea' id='block_1_2' title="bbox 212 467 1266 4348">
    <p class='ocr_par' dir='ltr' id='par_1_2' title="bbox 265 467 753 544">
     <span class='ocr_line' id='line_1_2' title="bbox 265 467 753 544; baseline 0 -19"><span class='ocrx_word' id='word_1_3' title='bbox 265 487 331 544; x_wconf 88' lang='lat'>191,</span> <span class='ocrx_word' id='word_1_4' title='bbox 350 484 396 542; x_wconf 85' lang='lat'><strong>23.</strong></span> <span class='ocrx_word' id='word_1_5' title='bbox 418 467 531 525; x_wconf 91' lang='lat' dir='ltr'><strong>notorio</strong></span> <span class='ocrx_word' id='word_1_6' title='bbox 558 467 625 524; x_wconf 87' lang='lat' dir='ltr'><strong>MS.</strong></span> <span class='ocrx_word' id='word_1_7' title='bbox 641 468 753 526; x_wconf 89' lang='lat' dir='ltr'><strong>notorie</strong></span> 
     </span>
    </p>

    <p class='ocr_par' dir='ltr' id='par_1_3' title="bbox 216 561 1265 1416">
     <span class='ocr_line' id='line_1_3' title="bbox 263 561 1265 640; baseline 0.003 -20"><span class='ocrx_word' id='word_1_8' title='bbox 263 581 329 638; x_wconf 85' lang='lat'><strong>192,</strong></span> <span class='ocrx_word' id='word_1_9' title='bbox 344 582 405 639; x_wconf 88' lang='lat' dir='ltr'><strong>cap.</strong></span> <span class='ocrx_word' id='word_1_10' title='bbox 416 581 444 635; x_wconf 92' lang='lat'><strong>4.</strong></span> <span class='ocrx_word' id='word_1_11' title='bbox 484 564 567 621; x_wconf 81' lang='lat' dir='ltr'><strong>After</strong></span> <span class='ocrx_word' id='word_1_12' title='bbox 588 564 646 621; x_wconf 89' lang='lat' dir='ltr'><strong>this</strong></span> <span class='ocrx_word' id='word_1_13' title='bbox 669 565 786 640; x_wconf 80' lang='lat' dir='ltr'>chapter</span> <span class='ocrx_word' id='word_1_14' title='bbox 810 563 860 621; x_wconf 91' lang='lat' dir='ltr'><strong>the</strong></span> <span class='ocrx_word' id='word_1_15' title='bbox 884 561 951 620; x_wconf 89' lang='lat' dir='ltr'><strong>MS.</strong></span> <span class='ocrx_word' id='word_1_16' title='bbox 974 563 1028 622; x_wconf 81' lang='lat' dir='ltr'><strong>has</strong></span> <span class='ocrx_word' id='word_1_17' title='bbox 1048 563 1128 621; x_wconf 84' lang='lat' dir='ltr'><strong>what</strong></span> <span class='ocrx_word' id='word_1_18' title='bbox 1147 564 1265 633; x_wconf 87' lang='lat' dir='ltr'><strong>follows,</strong></span> 
     </span>
     <span class='ocr_line' id='line_1_4' title="bbox 218 660 1261 738; baseline 0.003 -21"><span class='ocrx_word' id='word_1_19' title='bbox 218 661 317 718; x_wconf 89' lang='lat' dir='ltr'><strong>erased</strong></span> <span class='ocrx_word' id='word_1_20' title='bbox 331 661 369 738; x_wconf 85' lang='lat' dir='ltr'><strong>by</strong></span> <span class='ocrx_word' id='word_1_21' title='bbox 379 661 428 718; x_wconf 93' lang='lat' dir='ltr'><strong>Cr.</strong></span> <span class='ocrx_word' id='word_1_22' title='bbox 440 684 448 717; x_wconf 91' lang='lat'><strong>:</strong></span> <span class='ocrx_word' id='word_1_23' title='bbox 471 660 504 719; x_wconf 89' lang='lat' dir='ltr'><strong>Si</strong></span> <span class='ocrx_word' id='word_1_24' title='bbox 518 661 553 718; x_wconf 93' lang='lat' dir='ltr'><strong>de</strong></span> <span class='ocrx_word' id='word_1_25' title='bbox 567 661 636 736; x_wconf 87' lang='lat' dir='ltr'><strong>fuga</strong></span> <span class='ocrx_word' id='word_1_26' title='bbox 650 662 803 730; x_wconf 86' lang='lat' dir='ltr'><strong>dubitetur,</strong></span> <span class='ocrx_word' id='word_1_27' title='bbox 814 669 874 718; x_wconf 87' lang='lat' dir='ltr'><strong>tam</strong></span> <span class='ocrx_word' id='word_1_28' title='bbox 887 669 1035 718; x_wconf 87' lang='lat' dir='ltr'><strong>aecusator</strong></span> <span class='ocrx_word' id='word_1_29' title='bbox 1049 681 1137 737; x_wconf 86' lang='lat' dir='ltr'><strong>quam</strong></span> <span class='ocrx_word' id='word_1_30' title='bbox 1150 680 1261 720; x_wconf 86' lang='lat' dir='ltr'><strong>accusa·</strong></span> 
     </span>
     <span class='ocr_line' id='line_1_5' title="bbox 217 757 1263 833; baseline 0.002 -19"><span class='ocrx_word' id='word_1_31' title='bbox 217 765 264 814; x_wconf 87' lang='lat' dir='ltr'><strong>tus</strong></span> <span class='ocrx_word' id='word_1_32' title='bbox 278 757 331 814; x_wconf 82' lang='lat' dir='ltr'><strong>sub</strong></span> <span class='ocrx_word' id='word_1_33' title='bbox 345 757 474 814; x_wconf 90' lang='lat' dir='ltr'><strong>custodia</strong></span> <span class='ocrx_word' id='word_1_34' title='bbox 487 757 608 815; x_wconf 84' lang='lat' dir='ltr'>detineri</span> <span class='ocrx_word' id='word_1_35' title='bbox 621 767 740 833; x_wconf 77' lang='lat' dir='ltr'>possunt</span> <span class='ocrx_word' id='word_1_36' title='bbox 755 758 846 815; x_wconf 86' lang='lat' dir='ltr'><strong>donec</strong></span> <span class='ocrx_word' id='word_1_37' title='bbox 860 757 896 815; x_wconf 93' lang='lat' dir='ltr'><strong>de</strong></span> <span class='ocrx_word' id='word_1_38' title='bbox 910 759 1028 816; x_wconf 89' lang='lat' dir='ltr'><strong>crimine</strong></span> <span class='ocrx_word' id='word_1_39' title='bbox 1042 767 1168 816; x_wconf 73' lang='lat' dir='ltr'><strong>montet.</strong></span> <span class='ocrx_word' id='word_1_40' title='bbox 1210 758 1263 827; x_wconf 83' lang='lat' dir='ltr'><strong>Qui</strong></span> 
     </span>
     <span class='ocr_line' id='line_1_6' title="bbox 216 854 1263 932; baseline 0.002 -20"><span class='ocrx_word' id='word_1_41' title='bbox 216 855 385 930; x_wconf 86' lang='lat' dir='ltr'><strong>perpetratis</strong></span> <span class='ocrx_word' id='word_1_42' title='bbox 403 854 513 912; x_wconf 85' lang='lat' dir='ltr'><strong>delictis</strong></span> <span class='ocrx_word' id='word_1_43' title='bbox 527 856 572 912; x_wconf 88' lang='lat' dir='ltr'><strong>vel</strong></span> <span class='ocrx_word' id='word_1_44' title='bbox 592 855 743 931; x_wconf 85' lang='lat' dir='ltr'><strong>aufugiunt</strong></span> <span class='ocrx_word' id='word_1_45' title='bbox 756 855 801 912; x_wconf 87' lang='lat' dir='ltr'><strong>vel</strong></span> <span class='ocrx_word' id='word_1_46' title='bbox 817 855 940 920; x_wconf 86' lang='lat' dir='ltr'><strong>latitant,</strong></span> <span class='ocrx_word' id='word_1_47' title='bbox 954 876 991 914; x_wconf 88' lang='lat' dir='ltr'><strong>ne</strong></span> <span class='ocrx_word' id='word_1_48' title='bbox 1011 857 1041 913; x_wconf 92' lang='lat' dir='ltr'><strong>in</strong></span> <span class='ocrx_word' id='word_1_49' title='bbox 1054 856 1197 932; x_wconf 89' lang='lat' dir='ltr'><strong>judicium</strong></span> <span class='ocrx_word' id='word_1_50' title='bbox 1210 866 1263 914; x_wconf 87' lang='lat' dir='ltr'><strong>tra·</strong></span> 
     </span>
     <span class='ocr_line' id='line_1_7' title="bbox 216 952 1263 1029; baseline 0.002 -20"><span class='ocrx_word' id='word_1_51' title='bbox 216 953 330 1019; x_wconf 83' lang='lat' dir='ltr'><strong>huntur,</strong></span> <span class='ocrx_word' id='word_1_52' title='bbox 340 971 404 1008; x_wconf 91' lang='lat' dir='ltr'><strong>cum</strong></span> <span class='ocrx_word' id='word_1_53' title='bbox 417 972 469 1027; x_wconf 90' lang='lat' dir='ltr'><strong>per</strong></span> <span class='ocrx_word' id='word_1_54' title='bbox 483 952 576 1009; x_wconf 91' lang='lat' dir='ltr'><strong>edicta</strong></span> <span class='ocrx_word' id='word_1_55' title='bbox 588 954 624 1010; x_wconf 92' lang='lat' dir='ltr'><strong>de</strong></span> <span class='ocrx_word' id='word_1_56' title='bbox 639 972 718 1010; x_wconf 89' lang='lat' dir='ltr'><strong>more</strong></span> <span class='ocrx_word' id='word_1_57' title='bbox 730 953 822 1010; x_wconf 83' lang='lat' dir='ltr'><strong>vocati</strong></span> <span class='ocrx_word' id='word_1_58' title='bbox 835 953 950 1020; x_wconf 84' lang='lat' dir='ltr'><strong>fuerint,</strong></span> <span class='ocrx_word' id='word_1_59' title='bbox 963 954 987 1010; x_wconf 87' lang='lat' dir='ltr'><strong>si</strong></span> <span class='ocrx_word' id='word_1_60' title='bbox 1001 973 1060 1011; x_wconf 90' lang='lat' dir='ltr'><strong>non</strong></span> <span class='ocrx_word' id='word_1_61' title='bbox 1075 963 1263 1029; x_wconf 87' lang='lat' dir='ltr'><strong>compareant,</strong></span> 
     </span>
     <span class='ocr_line' id='line_1_8' title="bbox 216 1050 1264 1125; baseline 0.003 -19"><span class='ocrx_word' id='word_1_62' title='bbox 216 1069 315 1107; x_wconf 90' lang='lat' dir='ltr'><strong>eorum</strong></span> <span class='ocrx_word' id='word_1_63' title='bbox 329 1050 405 1106; x_wconf 86' lang='lat' dir='ltr'><strong>bona</strong></span> <span class='ocrx_word' id='word_1_64' title='bbox 418 1058 639 1125; x_wconf 80' lang='lat' dir='ltr'><strong>sequestrentur.</strong></span> <span class='ocrx_word' id='word_1_65' title='bbox 664 1050 750 1120; x_wconf 88' lang='lat' dir='ltr'><strong>Quod</strong></span> <span class='ocrx_word' id='word_1_66' title='bbox 764 1051 813 1107; x_wconf 94' lang='lat' dir='ltr'><strong>ubi</strong></span> <span class='ocrx_word' id='word_1_67' title='bbox 826 1050 931 1108; x_wconf 87' lang='lat' dir='ltr'><strong>factum</strong></span> <span class='ocrx_word' id='word_1_68' title='bbox 946 1052 1042 1117; x_wconf 82' lang='lat' dir='ltr'><strong>fuerit,</strong></span> <span class='ocrx_word' id='word_1_69' title='bbox 1056 1071 1157 1109; x_wconf 88' lang='lat' dir='ltr'><strong>rursus</strong></span> <span class='ocrx_word' id='word_1_70' title='bbox 1171 1052 1264 1109; x_wconf 86' lang='lat' dir='ltr'><strong>edictis</strong></span> 
     </span>
     <span class='ocr_line' id='line_1_9' title="bbox 217 1147 1263 1224; baseline 0.002 -20"><span class='ocrx_word' id='word_1_71' title='bbox 217 1156 246 1204; x_wconf 90' lang='lat' dir='ltr'><strong>et</strong></span> <span class='ocrx_word' id='word_1_72' title='bbox 264 1147 444 1204; x_wconf 75' lang='lat' dir='ltr'><strong>citationibus</strong></span> <span class='ocrx_word' id='word_1_73' title='bbox 461 1156 631 1213; x_wconf 85' lang='lat' dir='ltr'><strong>evocentur;</strong></span> <span class='ocrx_word' id='word_1_74' title='bbox 654 1157 684 1205; x_wconf 90' lang='lat' dir='ltr'><strong>et</strong></span> <span class='ocrx_word' id='word_1_75' title='bbox 700 1149 725 1204; x_wconf 88' lang='lat' dir='ltr'><strong>si</strong></span> <span class='ocrx_word' id='word_1_76' title='bbox 744 1167 837 1222; x_wconf 88' lang='lat' dir='ltr'><strong>neque</strong></span> <span class='ocrx_word' id='word_1_77' title='bbox 854 1148 894 1205; x_wconf 86' lang='lat' dir='ltr'><strong>ita</strong></span> <span class='ocrx_word' id='word_1_78' title='bbox 912 1150 1134 1224; x_wconf 88' lang='lat' dir='ltr'><strong>comparuerint,</strong></span> <span class='ocrx_word' id='word_1_79' title='bbox 1151 1159 1181 1205; x_wconf 88' lang='lat' dir='ltr'><strong>et</strong></span> <span class='ocrx_word' id='word_1_80' title='bbox 1195 1150 1263 1206; x_wconf 87' lang='lat' dir='ltr'><strong>bona</strong></span> 
     </span>
     <span class='ocr_line' id='line_1_10' title="bbox 217 1226 1262 1321; baseline 0.001 -20"><span class='ocrx_word' id='word_1_81' title='bbox 217 1263 316 1301; x_wconf 91' lang='lat' dir='ltr'><strong>eorum</strong></span> <span class='ocrx_word' id='word_1_82' title='bbox 337 1244 576 1309; x_wconf 86' lang='lat' dir='ltr'><strong>confiscabantur,</strong></span> <span class='ocrx_word' id='word_1_83' title='bbox 595 1226 634 1301; x_wconf 68' lang='lat' dir='ltr'><strong>et</strong></span> <span class='ocrx_word' id='word_1_84' title='bbox 644 1244 685 1300; x_wconf 93' lang='lat' dir='ltr'><strong>illi</strong></span> <span class='ocrx_word' id='word_1_85' title='bbox 706 1263 770 1301; x_wconf 90' lang='lat' dir='ltr'><strong>cum</strong></span> <span class='ocrx_word' id='word_1_86' title='bbox 792 1245 964 1319; x_wconf 78' lang='lat' dir='ltr'><strong>apprehendi</strong></span> <span class='ocrx_word' id='word_1_87' title='bbox 984 1246 1142 1321; x_wconf 89' lang='lat' dir='ltr'><strong>potuerint,</strong></span> <span class='ocrx_word' id='word_1_88' title='bbox 1164 1245 1262 1321; x_wconf 88' lang='lat' dir='ltr'><strong>absque</strong></span> 
     </span>
     <span class='ocr_line' id='line_1_11' title="bbox 217 1341 521 1416; baseline 0 -18"><span class='ocrx_word' id='word_1_89' title='bbox 217 1341 352 1399; x_wconf 87' lang='lat' dir='ltr'><strong>dilatione</strong></span> <span class='ocrx_word' id='word_1_90' title='bbox 366 1341 521 1416; x_wconf 78' lang='lat' dir='ltr'><strong>capientur.</strong></span> 
     </span>
    </p>

    <p class='ocr_par' dir='ltr' id='par_1_4' title="bbox 215 1437 1262 2003">
     <span class='ocr_line' id='line_1_12' title="bbox 257 1437 1262 1512; baseline 0.002 -19"><span class='ocrx_word' id='word_1_91' title='bbox 257 1471 298 1481; x_wconf 95' lang='lat'><em>-</em></span> <span class='ocrx_word' id='word_1_92' title='bbox 319 1437 366 1493; x_wconf 91' lang='lat' dir='ltr'><strong>De</strong></span> <span class='ocrx_word' id='word_1_93' title='bbox 379 1437 508 1494; x_wconf 80' lang='lat' dir='ltr'><strong>Iudiciis.</strong></span> <span class='ocrx_word' id='word_1_94' title='bbox 552 1437 580 1494; x_wconf 92' lang='lat' dir='ltr'><strong>It</strong></span> <span class='ocrx_word' id='word_1_95' title='bbox 593 1437 662 1495; x_wconf 88' lang='lat' dir='ltr'><strong>does</strong></span> <span class='ocrx_word' id='word_1_96' title='bbox 679 1446 730 1494; x_wconf 89' lang='lat' dir='ltr'><strong>not</strong></span> <span class='ocrx_word' id='word_1_97' title='bbox 744 1456 849 1512; x_wconf 78' lang='lat' dir='ltr'><strong>appear</strong></span> <span class='ocrx_word' id='word_1_98' title='bbox 861 1439 935 1495; x_wconf 90' lang='lat' dir='ltr'><strong>from</strong></span> <span class='ocrx_word' id='word_1_99' title='bbox 951 1438 1000 1496; x_wconf 82' lang='lat' dir='ltr'><strong>the</strong></span> <span class='ocrx_word' id='word_1_100' title='bbox 1015 1438 1084 1496; x_wconf 88' lang='lat' dir='ltr'><strong>MS.</strong></span> <span class='ocrx_word' id='word_1_101' title='bbox 1100 1439 1165 1496; x_wconf 89' lang='lat' dir='ltr'><strong>that</strong></span> <span class='ocrx_word' id='word_1_102' title='bbox 1178 1437 1262 1495; x_wconf 90' lang='lat' dir='ltr'><strong>either</strong></span> 
     </span>
     <span class='ocr_line' id='line_1_13' title="bbox 216 1535 1262 1611; baseline -0.001 -18"><span class='ocrx_word' id='word_1_103' title='bbox 216 1537 274 1594; x_wconf 89' lang='lat' dir='ltr'><strong>this</strong></span> <span class='ocrx_word' id='word_1_104' title='bbox 288 1555 321 1592; x_wconf 96' lang='lat' dir='ltr'><strong>or</strong></span> <span class='ocrx_word' id='word_1_105' title='bbox 334 1536 384 1593; x_wconf 93' lang='lat' dir='ltr'><strong>the</strong></span> <span class='ocrx_word' id='word_1_106' title='bbox 402 1535 557 1611; x_wconf 87' lang='lat' dir='ltr'><strong>preceding</strong></span> <span class='ocrx_word' id='word_1_107' title='bbox 576 1548 702 1592; x_wconf 88' lang='lat' dir='ltr'><strong>one&#39;was</strong></span> <span class='ocrx_word' id='word_1_108' title='bbox 719 1537 854 1594; x_wconf 88' lang='lat' dir='ltr'><strong>intended</strong></span> <span class='ocrx_word' id='word_1_109' title='bbox 873 1545 904 1593; x_wconf 92' lang='lat' dir='ltr'><strong>to</strong></span> <span class='ocrx_word' id='word_1_110' title='bbox 919 1537 954 1593; x_wconf 93' lang='lat' dir='ltr'><strong>be</strong></span> <span class='ocrx_word' id='word_1_111' title='bbox 968 1556 985 1593; x_wconf 90' lang='lat' dir='ltr'><strong>a</strong></span> <span class='ocrx_word' id='word_1_112' title='bbox 999 1546 1131 1611; x_wconf 90' lang='lat' dir='ltr'><strong>separate</strong></span> <span class='ocrx_word' id='word_1_113' title='bbox 1150 1537 1262 1592; x_wconf 88' lang='lat' dir='ltr'><strong>section.</strong></span> 
     </span>
     <span class='ocr_line' id='line_1_14' title="bbox 215 1632 1260 1710; baseline -0.001 -20"><span class='ocrx_word' id='word_1_114' title='bbox 215 1634 277 1690; x_wconf 79' lang='lat' dir='ltr'><strong>The</strong></span> <span class='ocrx_word' id='word_1_115' title='bbox 300 1632 368 1690; x_wconf 91' lang='lat' dir='ltr'><strong>MS.</strong></span> <span class='ocrx_word' id='word_1_116' title='bbox 386 1633 455 1690; x_wconf 91' lang='lat' dir='ltr'><strong>here</strong></span> <span class='ocrx_word' id='word_1_117' title='bbox 477 1632 537 1689; x_wconf 90' lang='lat' dir='ltr'><strong>also</strong></span> <span class='ocrx_word' id='word_1_118' title='bbox 559 1633 611 1690; x_wconf 88' lang='lat' dir='ltr'><strong>has</strong></span> <span class='ocrx_word' id='word_1_119' title='bbox 632 1634 683 1690; x_wconf 90' lang='lat' dir='ltr'><strong>the</strong></span> <span class='ocrx_word' id='word_1_120' title='bbox 706 1633 853 1710; x_wconf 82' lang='lat' dir='ltr'><strong>following</strong></span> <span class='ocrx_word' id='word_1_121' title='bbox 876 1633 993 1709; x_wconf 84' lang='lat' dir='ltr'><strong>chapter</strong></span> <span class='ocrx_word' id='word_1_122' title='bbox 1014 1633 1115 1690; x_wconf 89' lang='lat' dir='ltr'><strong>erased</strong></span> <span class='ocrx_word' id='word_1_123' title='bbox 1136 1633 1175 1709; x_wconf 94' lang='lat' dir='ltr'><strong>by</strong></span> <span class='ocrx_word' id='word_1_124' title='bbox 1197 1633 1260 1691; x_wconf 80' lang='lat' dir='ltr'><strong>Ca:</strong></span> 
     </span>
     <span class='ocr_line' id='line_1_15' title="bbox 216 1731 1260 1808; baseline 0.001 -20"><span class='ocrx_word' id='word_1_125' title='bbox 216 1732 301 1788; x_wconf 86' lang='lat' dir='ltr'><strong>AEtas</strong></span> <span class='ocrx_word' id='word_1_126' title='bbox 313 1731 425 1806; x_wconf 87' lang='lat' dir='ltr'><strong>judicis.</strong></span> <span class='ocrx_word' id='word_1_127' title='bbox 471 1731 489 1788; x_wconf 88' lang='lat' dir='ltr'>J</span> <span class='ocrx_word' id='word_1_128' title='bbox 492 1731 602 1788; x_wconf 92' lang='lat' dir='ltr'><strong>udicem</strong></span> <span class='ocrx_word' id='word_1_129' title='bbox 618 1732 754 1788; x_wconf 90' lang='lat' dir='ltr'><strong>minorem</strong></span> <span class='ocrx_word' id='word_1_130' title='bbox 770 1732 886 1789; x_wconf 85' lang='lat' dir='ltr'><strong>XVIII.</strong></span> <span class='ocrx_word' id='word_1_131' title='bbox 902 1731 983 1789; x_wconf 89' lang='lat' dir='ltr'><strong>annis</strong></span> <span class='ocrx_word' id='word_1_132' title='bbox 998 1749 1061 1788; x_wconf 89' lang='lat' dir='ltr'><strong>esse</strong></span> <span class='ocrx_word' id='word_1_133' title='bbox 1075 1750 1134 1789; x_wconf 93' lang='lat' dir='ltr'><strong>non</strong></span> <span class='ocrx_word' id='word_1_134' title='bbox 1148 1734 1260 1808; x_wconf 92' lang='lat' dir='ltr'><strong>permit·</strong></span> 
     </span>
     <span class='ocr_line' id='line_1_16' title="bbox 217 1828 1257 1905; baseline 0 -17"><span class='ocrx_word' id='word_1_135' title='bbox 217 1831 313 1896; x_wconf 89' lang='lat' dir='ltr'><strong>timus,</strong></span> <span class='ocrx_word' id='word_1_136' title='bbox 329 1830 440 1888; x_wconf 90' lang='lat' dir='ltr'><strong>etiamsi</strong></span> <span class='ocrx_word' id='word_1_137' title='bbox 454 1849 490 1887; x_wconf 88' lang='lat' dir='ltr'><strong>ex</strong></span> <span class='ocrx_word' id='word_1_138' title='bbox 505 1849 645 1888; x_wconf 91' lang='lat' dir='ltr'><strong>consensu</strong></span> <span class='ocrx_word' id='word_1_139' title='bbox 658 1829 831 1905; x_wconf 75' lang='lat' dir='ltr'><strong>litigantium</strong></span> <span class='ocrx_word' id='word_1_140' title='bbox 845 1831 1012 1904; x_wconf 86' lang='lat' dir='ltr'><strong>postuletur.</strong></span> <span class='ocrx_word' id='word_1_141' title='bbox 1038 1828 1155 1888; x_wconf 87' lang='lat' dir='ltr'><strong>Thisbe</strong></span> <span class='ocrx_word' id='word_1_142' title='bbox 1171 1830 1257 1888; x_wconf 87' lang='lat' dir='ltr'><strong>added</strong></span> 
     </span>
     <span class='ocr_line' id='line_1_17' title="bbox 217 1929 422 2003; baseline 0 -19"><span class='ocrx_word' id='word_1_143' title='bbox 217 1937 249 1984; x_wconf 94' lang='lat' dir='ltr'><strong>to</strong></span> <span class='ocrx_word' id='word_1_144' title='bbox 263 1929 380 2003; x_wconf 87' lang='lat' dir='ltr'><strong>chapter</strong></span> <span class='ocrx_word' id='word_1_145' title='bbox 395 1946 422 2002; x_wconf 85' lang='lat'><strong>3.</strong></span> 
     </span>
    </p>

    <p class='ocr_par' dir='ltr' id='par_1_5' title="bbox 217 2022 1262 2493">
     <span class='ocr_line' id='line_1_18' title="bbox 262 2022 1260 2101; baseline 0.001 -20"><span class='ocrx_word' id='word_1_146' title='bbox 262 2043 329 2100; x_wconf 87' lang='lat'><strong>193,</strong></span> <span class='ocrx_word' id='word_1_147' title='bbox 344 2045 406 2101; x_wconf 85' lang='lat' dir='ltr'><strong>cap.</strong></span> <span class='ocrx_word' id='word_1_148' title='bbox 421 2043 448 2081; x_wconf 84' lang='lat'><strong>2.</strong></span> <span class='ocrx_word' id='word_1_149' title='bbox 478 2025 557 2081; x_wconf 90' lang='lat' dir='ltr'><strong>Here</strong></span> <span class='ocrx_word' id='word_1_150' title='bbox 576 2025 626 2081; x_wconf 91' lang='lat' dir='ltr'><strong>the</strong></span> <span class='ocrx_word' id='word_1_151' title='bbox 640 2022 708 2081; x_wconf 88' lang='lat' dir='ltr'><strong>MS.</strong></span> <span class='ocrx_word' id='word_1_152' title='bbox 721 2023 774 2081; x_wconf 89' lang='lat' dir='ltr'><strong>has</strong></span> <span class='ocrx_word' id='word_1_153' title='bbox 791 2024 840 2081; x_wconf 93' lang='lat' dir='ltr'><strong>the</strong></span> <span class='ocrx_word' id='word_1_154' title='bbox 859 2023 1007 2100; x_wconf 82' lang='lat' dir='ltr'><strong>following</strong></span> <span class='ocrx_word' id='word_1_155' title='bbox 1027 2023 1146 2099; x_wconf 89' lang='lat' dir='ltr'><strong>chapter</strong></span> <span class='ocrx_word' id='word_1_156' title='bbox 1166 2023 1260 2082; x_wconf 75' lang='lat' dir='ltr'><strong>erased</strong></span> 
     </span>
     <span class='ocr_line' id='line_1_19' title="bbox 217 2121 1262 2198; baseline 0 -20"><span class='ocrx_word' id='word_1_157' title='bbox 217 2123 255 2198; x_wconf 89' lang='lat' dir='ltr'><strong>by</strong></span> <span class='ocrx_word' id='word_1_158' title='bbox 270 2122 319 2179; x_wconf 89' lang='lat' dir='ltr'><strong>Cr.</strong></span> <span class='ocrx_word' id='word_1_159' title='bbox 334 2146 341 2180; x_wconf 75' lang='grc' dir='ltr'><strong>ι</strong></span> <span class='ocrx_word' id='word_1_160' title='bbox 364 2124 432 2180; x_wconf 92' lang='lat' dir='ltr'><strong>Post</strong></span> <span class='ocrx_word' id='word_1_161' title='bbox 442 2122 547 2198; x_wconf 88' lang='lat' dir='ltr'><strong>judicis</strong></span> <span class='ocrx_word' id='word_1_162' title='bbox 564 2122 673 2179; x_wconf 92' lang='lat' dir='ltr'><strong>obitum</strong></span> <span class='ocrx_word' id='word_1_163' title='bbox 687 2140 834 2179; x_wconf 80' lang='lat' dir='ltr'><strong>successor</strong></span> <span class='ocrx_word' id='word_1_164' title='bbox 851 2121 995 2196; x_wconf 90' lang='lat' dir='ltr'><strong>procedat.</strong></span> <span class='ocrx_word' id='word_1_165' title='bbox 1038 2121 1159 2179; x_wconf 90' lang='lat' dir='ltr'><strong>Mortuo</strong></span> <span class='ocrx_word' id='word_1_166' title='bbox 1171 2122 1262 2198; x_wconf 87' lang='lat' dir='ltr'><strong>judice</strong></span> 
     </span>
     <span class='ocr_line' id='line_1_20' title="bbox 218 2218 1262 2297; baseline -0.002 -20"><span class='ocrx_word' id='word_1_167' title='bbox 218 2222 371 2279; x_wconf 83' lang='lat' dir='ltr'><strong>succedens</strong></span> <span class='ocrx_word' id='word_1_168' title='bbox 385 2222 413 2278; x_wconf 91' lang='lat' dir='ltr'><strong>in</strong></span> <span class='ocrx_word' id='word_1_169' title='bbox 429 2222 490 2297; x_wconf 89' lang='lat' dir='ltr'><strong>ejus</strong></span> <span class='ocrx_word' id='word_1_170' title='bbox 508 2221 602 2277; x_wconf 91' lang='lat' dir='ltr'><strong>locum</strong></span> <span class='ocrx_word' id='word_1_171' title='bbox 620 2228 715 2295; x_wconf 90' lang='lat' dir='ltr'><strong>potest</strong></span> <span class='ocrx_word' id='word_1_172' title='bbox 729 2219 882 2294; x_wconf 89' lang='lat' dir='ltr'><strong>procedere</strong></span> <span class='ocrx_word' id='word_1_173' title='bbox 897 2220 982 2294; x_wconf 82' lang='lat' dir='ltr'><strong>juxta</strong></span> <span class='ocrx_word' id='word_1_174' title='bbox 1000 2218 1123 2276; x_wconf 90' lang='lat' dir='ltr'><strong>formam</strong></span> <span class='ocrx_word' id='word_1_175' title='bbox 1143 2229 1262 2276; x_wconf 86' lang='lat' dir='ltr'><strong>retroac-</strong></span> 
     </span>
     <span class='ocr_line' id='line_1_21' title="bbox 217 2317 1260 2395; baseline -0.003 -18"><span class='ocrx_word' id='word_1_176' title='bbox 217 2329 286 2385; x_wconf 89' lang='lat' dir='ltr'><strong>tam,</strong></span> <span class='ocrx_word' id='word_1_177' title='bbox 301 2329 385 2395; x_wconf 90' lang='lat' dir='ltr'><strong>prout</strong></span> <span class='ocrx_word' id='word_1_178' title='bbox 399 2320 445 2377; x_wconf 91' lang='lat' dir='ltr'><strong>ille</strong></span> <span class='ocrx_word' id='word_1_179' title='bbox 459 2319 562 2394; x_wconf 92' lang='lat' dir='ltr'><strong>potuit,</strong></span> <span class='ocrx_word' id='word_1_180' title='bbox 577 2318 607 2375; x_wconf 90' lang='lat' dir='ltr'><strong>in</strong></span> <span class='ocrx_word' id='word_1_181' title='bbox 620 2320 701 2394; x_wconf 91' lang='lat' dir='ltr'><strong>cnjus</strong></span> <span class='ocrx_word' id='word_1_182' title='bbox 714 2318 809 2375; x_wconf 89' lang='lat' dir='ltr'><strong>locum</strong></span> <span class='ocrx_word' id='word_1_183' title='bbox 823 2317 968 2374; x_wconf 88' lang='lat' dir='ltr'><strong>successit.</strong></span> <span class='ocrx_word' id='word_1_184' title='bbox 993 2317 1063 2374; x_wconf 83' lang='lat' dir='ltr'><strong>&#39;Ihis</strong></span> <span class='ocrx_word' id='word_1_185' title='bbox 1077 2317 1114 2375; x_wconf 93' lang='lat' dir='ltr'><strong>he</strong></span> <span class='ocrx_word' id='word_1_186' title='bbox 1128 2317 1220 2375; x_wconf 84' lang='lat' dir='ltr'><strong>added</strong></span> <span class='ocrx_word' id='word_1_187' title='bbox 1232 2326 1260 2374; x_wconf 91' lang='lat' dir='ltr'><strong>to</strong></span> 
     </span>
     <span class='ocr_line' id='line_1_22' title="bbox 219 2417 1160 2493; baseline 0.002 -20"><span class='ocrx_word' id='word_1_188' title='bbox 219 2417 268 2474; x_wconf 89' lang='lat' dir='ltr'><strong>the</strong></span> <span class='ocrx_word' id='word_1_189' title='bbox 284 2419 345 2475; x_wconf 85' lang='lat' dir='ltr'><strong>title</strong></span> <span class='ocrx_word' id='word_1_190' title='bbox 359 2418 391 2476; x_wconf 89' lang='lat' dir='ltr'><strong>of</strong></span> <span class='ocrx_word' id='word_1_191' title='bbox 403 2419 484 2492; x_wconf 87' lang='lat' dir='ltr'><strong>chap.</strong></span> <span class='ocrx_word' id='word_1_192' title='bbox 495 2436 523 2493; x_wconf 85' lang='lat'><strong>5.</strong></span> <span class='ocrx_word' id='word_1_193' title='bbox 1154 2478 1160 2490; x_wconf 50' lang='grc'><strong><em>,</em></strong></span> 
     </span>
    </p>

    <p class='ocr_par' dir='ltr' id='par_1_6' title="bbox 262 2512 1166 2591">
     <span class='ocr_line' id='line_1_23' title="bbox 262 2512 1166 2591; baseline -0.002 -19"><span class='ocrx_word' id='word_1_194' title='bbox 262 2531 328 2591; x_wconf 83' lang='grc' dir='ltr'><strong>ι95,</strong></span> <span class='ocrx_word' id='word_1_195' title='bbox 348 2517 394 2573; x_wconf 85' lang='grc' dir='ltr'><strong>ι8.</strong></span> <span class='ocrx_word' id='word_1_196' title='bbox 417 2517 500 2572; x_wconf 86' lang='lat' dir='ltr'><strong>After</strong></span> <span class='ocrx_word' id='word_1_197' title='bbox 513 2532 564 2589; x_wconf 91' lang='lat' dir='ltr'><strong>per</strong></span> <span class='ocrx_word' id='word_1_198' title='bbox 578 2512 645 2570; x_wconf 88' lang='lat' dir='ltr'><strong>MS.</strong></span> <span class='ocrx_word' id='word_1_199' title='bbox 659 2513 711 2570; x_wconf 88' lang='lat' dir='ltr'><strong>has</strong></span> <span class='ocrx_word' id='word_1_200' title='bbox 723 2513 871 2570; x_wconf 90' lang='lat' dir='ltr'><strong>officialem</strong></span> <span class='ocrx_word' id='word_1_201' title='bbox 886 2532 936 2570; x_wconf 89' lang='lat' dir='ltr'><strong>seu</strong></span> <span class='ocrx_word' id='word_1_202' title='bbox 950 2513 1049 2570; x_wconf 89' lang='lat' dir='ltr'><strong>erased</strong></span> <span class='ocrx_word' id='word_1_203' title='bbox 1062 2514 1101 2589; x_wconf 90' lang='lat' dir='ltr'><strong>by</strong></span> <span class='ocrx_word' id='word_1_204' title='bbox 1116 2515 1166 2570; x_wconf 88' lang='lat' dir='ltr'><strong>Cr.</strong></span> 
     </span>
    </p>

    <p class='ocr_par' dir='ltr' id='par_1_7' title="bbox 258 2610 1048 2688">
     <span class='ocr_line' id='line_1_24' title="bbox 258 2610 1048 2688; baseline -0.001 -20"><span class='ocrx_word' id='word_1_205' title='bbox 258 2645 297 2656; x_wconf 91' lang='lat'><em>-</em></span> <span class='ocrx_word' id='word_1_206' title='bbox 314 2631 329 2668; x_wconf 92' lang='lat'>2</span> <span class='ocrx_word' id='word_1_207' title='bbox 334 2628 361 2688; x_wconf 79' lang='lat'><strong>5.</strong></span> <span class='ocrx_word' id='word_1_208' title='bbox 383 2613 453 2669; x_wconf 92' lang='lat' dir='ltr'><strong>nihil</strong></span> <span class='ocrx_word' id='word_1_209' title='bbox 468 2613 603 2686; x_wconf 86' lang='lat' dir='ltr'><strong>objecerit</strong></span> <span class='ocrx_word' id='word_1_210' title='bbox 616 2614 664 2668; x_wconf 91' lang='lat' dir='ltr'><strong>Cr.</strong></span> <span class='ocrx_word' id='word_1_211' title='bbox 681 2611 790 2667; x_wconf 82' lang='lat' dir='ltr'><strong>instead</strong></span> <span class='ocrx_word' id='word_1_212' title='bbox 805 2610 838 2666; x_wconf 90' lang='lat' dir='ltr'><strong>of</strong></span> <span class='ocrx_word' id='word_1_213' title='bbox 849 2611 950 2667; x_wconf 85' lang='lat' dir='ltr'><strong>absens</strong></span> <span class='ocrx_word' id='word_1_214' title='bbox 964 2610 1048 2667; x_wconf 88' lang='lat' dir='ltr'><strong>fuerit</strong></span> 
     </span>
    </p>

    <p class='ocr_par' dir='ltr' id='par_1_8' title="bbox 258 2709 930 2785">
     <span class='ocr_line' id='line_1_25' title="bbox 258 2709 930 2785; baseline -0.001 -19"><span class='ocrx_word' id='word_1_215' title='bbox 258 2743 299 2752; x_wconf 93' lang='lat'>—</span> <span class='ocrx_word' id='word_1_216' title='bbox 316 2729 362 2785; x_wconf 87' lang='lat'><strong>²9·</strong></span> <span class='ocrx_word' id='word_1_217' title='bbox 385 2711 502 2766; x_wconf 88' lang='lat' dir='ltr'><strong>Victum</strong></span> <span class='ocrx_word' id='word_1_218' title='bbox 521 2755 583 2767; x_wconf 87' lang='lat'><strong>....</strong></span> <span class='ocrx_word' id='word_1_219' title='bbox 599 2709 707 2766; x_wconf 86' lang='lat' dir='ltr'><strong>deferre</strong></span> <span class='ocrx_word' id='word_1_220' title='bbox 722 2709 814 2765; x_wconf 87' lang='lat' dir='ltr'><strong>added</strong></span> <span class='ocrx_word' id='word_1_221' title='bbox 828 2709 865 2783; x_wconf 92' lang='lat' dir='ltr'><strong>by</strong></span> <span class='ocrx_word' id='word_1_222' title='bbox 881 2709 930 2765; x_wconf 90' lang='lat' dir='ltr'><strong>Cr.</strong></span> 
     </span>
    </p>

    <p class='ocr_par' dir='ltr' id='par_1_9' title="bbox 216 2807 1259 3070">
     <span class='ocr_line' id='line_1_26' title="bbox 263 2807 1259 2883; baseline -0.003 -19"><span class='ocrx_word' id='word_1_223' title='bbox 263 2810 327 2883; x_wconf 78' lang='lat'><strong>196,</strong></span> <span class='ocrx_word' id='word_1_224' title='bbox 345 2826 372 2882; x_wconf 89' lang='lat'><strong>7.</strong></span> <span class='ocrx_word' id='word_1_225' title='bbox 397 2810 487 2866; x_wconf 88' lang='lat' dir='ltr'><strong>Rei..</strong></span> <span class='ocrx_word' id='word_1_226' title='bbox 503 2853 528 2865; x_wconf 90' lang='lat'><strong>..</strong></span> <span class='ocrx_word' id='word_1_227' title='bbox 550 2808 634 2864; x_wconf 90' lang='lat' dir='ltr'><strong>debet</strong></span> <span class='ocrx_word' id='word_1_228' title='bbox 654 2808 745 2864; x_wconf 87' lang='lat' dir='ltr'><strong>added</strong></span> <span class='ocrx_word' id='word_1_229' title='bbox 765 2809 801 2882; x_wconf 93' lang='lat' dir='ltr'><strong>by</strong></span> <span class='ocrx_word' id='word_1_230' title='bbox 819 2810 877 2875; x_wconf 67' lang='lat' dir='ltr'><strong>Cr„</strong></span> <span class='ocrx_word' id='word_1_231' title='bbox 897 2817 960 2880; x_wconf 90' lang='lat' dir='ltr'><strong>part</strong></span> <span class='ocrx_word' id='word_1_232' title='bbox 981 2807 1013 2862; x_wconf 90' lang='lat' dir='ltr'><strong>of</strong></span> <span class='ocrx_word' id='word_1_233' title='bbox 1030 2808 1051 2862; x_wconf 92' lang='lat' dir='ltr'><strong>it</strong></span> <span class='ocrx_word' id='word_1_234' title='bbox 1068 2807 1157 2881; x_wconf 85' lang='lat' dir='ltr'><strong>being</strong></span> <span class='ocrx_word' id='word_1_235' title='bbox 1177 2807 1259 2863; x_wconf 84' lang='lat' dir='ltr'><strong>taken</strong></span> 
     </span>
     <span class='ocr_line' id='line_1_27' title="bbox 216 2904 1258 2981; baseline -0.003 -17"><span class='ocrx_word' id='word_1_236' title='bbox 216 2910 289 2965; x_wconf 88' lang='lat' dir='ltr'><strong>from</strong></span> <span class='ocrx_word' id='word_1_237' title='bbox 304 2927 320 2963; x_wconf 89' lang='lat' dir='ltr'><strong>a</strong></span> <span class='ocrx_word' id='word_1_238' title='bbox 335 2908 507 2981; x_wconf 87' lang='lat' dir='ltr'><strong>subsequent</strong></span> <span class='ocrx_word' id='word_1_239' title='bbox 522 2906 647 2980; x_wconf 89' lang='lat' dir='ltr'><strong>chapter.</strong></span> <span class='ocrx_word' id='word_1_240' title='bbox 687 2906 747 2961; x_wconf 88' lang='lat' dir='ltr'><strong>The</strong></span> <span class='ocrx_word' id='word_1_241' title='bbox 768 2907 829 2961; x_wconf 89' lang='lat' dir='ltr'><strong>first</strong></span> <span class='ocrx_word' id='word_1_242' title='bbox 847 2914 988 2968; x_wconf 90' lang='lat' dir='ltr'><strong>sentence,</strong></span> <span class='ocrx_word' id='word_1_243' title='bbox 1004 2904 1091 2981; x_wconf 89' lang='lat' dir='ltr'><strong>being</strong></span> <span class='ocrx_word' id='word_1_244' title='bbox 1106 2905 1139 2961; x_wconf 87' lang='lat' dir='ltr'><strong>of</strong></span> <span class='ocrx_word' id='word_1_245' title='bbox 1150 2905 1200 2962; x_wconf 90' lang='lat' dir='ltr'><strong>the</strong></span> <span class='ocrx_word' id='word_1_246' title='bbox 1214 2924 1258 2961; x_wconf 89' lang='lat' dir='ltr'><strong>na-</strong></span> 
     </span>
     <span class='ocr_line' id='line_1_28' title="bbox 219 3004 946 3070; baseline -0.004 -8"><span class='ocrx_word' id='word_1_247' title='bbox 219 3016 281 3062; x_wconf 90' lang='lat' dir='ltr'><strong>ture</strong></span> <span class='ocrx_word' id='word_1_248' title='bbox 296 3006 328 3061; x_wconf 88' lang='lat' dir='ltr'><strong>of</strong></span> <span class='ocrx_word' id='word_1_249' title='bbox 340 3025 356 3060; x_wconf 92' lang='lat' dir='ltr'><strong>a</strong></span> <span class='ocrx_word' id='word_1_250' title='bbox 371 3015 447 3070; x_wconf 91' lang='lat' dir='ltr'><strong>note,</strong></span> <span class='ocrx_word' id='word_1_251' title='bbox 462 3005 514 3060; x_wconf 87' lang='lat' dir='ltr'><strong>has</strong></span> <span class='ocrx_word' id='word_1_252' title='bbox 529 3004 600 3059; x_wconf 91' lang='lat' dir='ltr'><strong>been</strong></span> <span class='ocrx_word' id='word_1_253' title='bbox 615 3004 747 3060; x_wconf 85' lang='lat' dir='ltr'><strong>enclosed</strong></span> <span class='ocrx_word' id='word_1_254' title='bbox 761 3005 789 3059; x_wconf 93' lang='lat' dir='ltr'><strong>in</strong></span> <span class='ocrx_word' id='word_1_255' title='bbox 804 3004 946 3060; x_wconf 84' lang='lat' dir='ltr'><strong>brackets.</strong></span> 
     </span>
    </p>

    <p class='ocr_par' dir='ltr' id='par_1_10' title="bbox 255 3101 873 3177">
     <span class='ocr_line' id='line_1_29' title="bbox 255 3101 873 3177; baseline -0.006 -18"><span class='ocrx_word' id='word_1_256' title='bbox 255 3137 295 3148; x_wconf 97' lang='lat'>-</span> <span class='ocrx_word' id='word_1_257' title='bbox 315 3103 359 3159; x_wconf 90' lang='lat'><strong>18.</strong></span> <span class='ocrx_word' id='word_1_258' title='bbox 382 3113 503 3177; x_wconf 87' lang='lat' dir='ltr'><strong>quatuor</strong></span> <span class='ocrx_word' id='word_1_259' title='bbox 518 3101 565 3157; x_wconf 90' lang='lat' dir='ltr'><strong>Cr.</strong></span> <span class='ocrx_word' id='word_1_260' title='bbox 576 3101 693 3174; x_wconf 77' lang='lat' dir='ltr'><strong>instead</strong></span> <span class='ocrx_word' id='word_1_261' title='bbox 708 3101 739 3156; x_wconf 88' lang='lat' dir='ltr'><strong>of</strong></span> <span class='ocrx_word' id='word_1_262' title='bbox 752 3101 873 3175; x_wconf 91' lang='lat' dir='ltr'><strong>quinque</strong></span> 
     </span>
    </p>

    <p class='ocr_par' dir='ltr' id='par_1_11' title="bbox 216 3196 1262 3354">
     <span class='ocr_line' id='line_1_30' title="bbox 255 3196 1262 3274; baseline -0.004 -19"><span class='ocrx_word' id='word_1_263' title='bbox 255 3234 296 3242; x_wconf 92' lang='lat'><strong>—-</strong></span> <span class='ocrx_word' id='word_1_264' title='bbox 313 3218 359 3274; x_wconf 80' lang='lat'><strong>24.</strong></span> <span class='ocrx_word' id='word_1_265' title='bbox 383 3201 498 3257; x_wconf 90' lang='lat' dir='ltr'><strong>decimis</strong></span> <span class='ocrx_word' id='word_1_266' title='bbox 518 3219 651 3273; x_wconf 87' lang='lat' dir='ltr'><strong>agrorum</strong></span> <span class='ocrx_word' id='word_1_267' title='bbox 667 3208 716 3255; x_wconf 88' lang='lat' dir='ltr'><strong>eut</strong></span> <span class='ocrx_word' id='word_1_268' title='bbox 736 3199 870 3254; x_wconf 90' lang='lat' dir='ltr'><strong>domuum</strong></span> <span class='ocrx_word' id='word_1_269' title='bbox 891 3197 939 3253; x_wconf 90' lang='lat' dir='ltr'><strong>Cr.</strong></span> <span class='ocrx_word' id='word_1_270' title='bbox 956 3198 1066 3253; x_wconf 90' lang='lat' dir='ltr'><strong>instead</strong></span> <span class='ocrx_word' id='word_1_271' title='bbox 1081 3196 1113 3252; x_wconf 86' lang='lat' dir='ltr'><strong>of</strong></span> <span class='ocrx_word' id='word_1_272' title='bbox 1130 3197 1207 3272; x_wconf 88' lang='lat' dir='ltr'><strong>agris</strong></span> <span class='ocrx_word' id='word_1_273' title='bbox 1222 3196 1262 3252; x_wconf 83' lang='lat' dir='ltr'><strong>rel</strong></span> 
     </span>
     <span class='ocr_line' id='line_1_31' title="bbox 216 3299 356 3354; baseline 0 -1"><span class='ocrx_word' id='word_1_274' title='bbox 216 3299 356 3354; x_wconf 74' lang='lat' dir='ltr'><strong>domibus</strong></span> 
     </span>
    </p>

    <p class='ocr_par' dir='ltr' id='par_1_12' title="bbox 215 3393 1262 3764">
     <span class='ocr_line' id='line_1_32' title="bbox 260 3393 1262 3471; baseline -0.002 -20"><span class='ocrx_word' id='word_1_275' title='bbox 260 3409 326 3471; x_wconf 81' lang='lat'><strong>197,</strong></span> <span class='ocrx_word' id='word_1_276' title='bbox 345 3414 391 3451; x_wconf 85' lang='lat'><strong>21.</strong></span> <span class='ocrx_word' id='word_1_277' title='bbox 423 3395 483 3451; x_wconf 88' lang='lat' dir='ltr'><strong>The</strong></span> <span class='ocrx_word' id='word_1_278' title='bbox 498 3394 564 3450; x_wconf 89' lang='lat' dir='ltr'><strong>MS.</strong></span> <span class='ocrx_word' id='word_1_279' title='bbox 586 3394 652 3450; x_wconf 88' lang='lat' dir='ltr'><strong>here</strong></span> <span class='ocrx_word' id='word_1_280' title='bbox 673 3395 723 3449; x_wconf 88' lang='lat' dir='ltr'><strong>has</strong></span> <span class='ocrx_word' id='word_1_281' title='bbox 743 3394 792 3449; x_wconf 91' lang='lat' dir='ltr'><strong>the</strong></span> <span class='ocrx_word' id='word_1_282' title='bbox 810 3393 955 3466; x_wconf 85' lang='lat' dir='ltr'><strong>following</strong></span> <span class='ocrx_word' id='word_1_283' title='bbox 976 3393 1092 3466; x_wconf 88' lang='lat' dir='ltr'><strong>chapter</strong></span> <span class='ocrx_word' id='word_1_284' title='bbox 1109 3394 1210 3449; x_wconf 89' lang='lat' dir='ltr'><strong>erased</strong></span> <span class='ocrx_word' id='word_1_285' title='bbox 1228 3394 1262 3466; x_wconf 81' lang='lat' dir='ltr'><strong>hy</strong></span> 
     </span>
     <span class='ocr_line' id='line_1_33' title="bbox 216 3491 1261 3566; baseline -0.003 -17"><span class='ocrx_word' id='word_1_286' title='bbox 216 3493 264 3549; x_wconf 89' lang='lat' dir='ltr'><strong>Cr.</strong></span> <span class='ocrx_word' id='word_1_287' title='bbox 278 3517 284 3548; x_wconf 73' lang='grc' dir='ltr'><strong>ι</strong></span> <span class='ocrx_word' id='word_1_288' title='bbox 308 3495 354 3550; x_wconf 91' lang='lat' dir='ltr'><strong>De</strong></span> <span class='ocrx_word' id='word_1_289' title='bbox 366 3493 473 3566; x_wconf 91' lang='lat' dir='ltr'><strong>judicio</strong></span> <span class='ocrx_word' id='word_1_290' title='bbox 488 3493 671 3566; x_wconf 83' lang='lat' dir='ltr'><strong>possessorio.</strong></span> <span class='ocrx_word' id='word_1_291' title='bbox 700 3491 907 3547; x_wconf 90' lang='lat' dir='ltr'><strong>Possessorium</strong></span> <span class='ocrx_word' id='word_1_292' title='bbox 922 3491 1084 3564; x_wconf 87' lang='lat' dir='ltr'><strong>priusquam</strong></span> <span class='ocrx_word' id='word_1_293' title='bbox 1099 3491 1261 3564; x_wconf 89' lang='lat' dir='ltr'><strong>petitorium</strong></span> 
     </span>
     <span class='ocr_line' id='line_1_34' title="bbox 215 3589 1262 3664; baseline -0.002 -19"><span class='ocrx_word' id='word_1_294' title='bbox 215 3590 244 3645; x_wconf 92' lang='lat' dir='ltr'><strong>in</strong></span> <span class='ocrx_word' id='word_1_295' title='bbox 262 3590 376 3664; x_wconf 87' lang='lat' dir='ltr'><strong>judiciis</strong></span> <span class='ocrx_word' id='word_1_296' title='bbox 398 3589 572 3646; x_wconf 89' lang='lat' dir='ltr'><strong>discutiatur.</strong></span> <span class='ocrx_word' id='word_1_297' title='bbox 617 3589 647 3644; x_wconf 90' lang='lat' dir='ltr'><strong>Si</strong></span> <span class='ocrx_word' id='word_1_298' title='bbox 669 3589 795 3645; x_wconf 85' lang='lat' dir='ltr'><strong>deviet</strong></span> <span class='ocrx_word' id='word_1_299' title='bbox 815 3589 993 3663; x_wconf 87' lang='lat' dir='ltr'><strong>possessione</strong></span> <span class='ocrx_word' id='word_1_300' title='bbox 1015 3597 1167 3661; x_wconf 86' lang='lat' dir='ltr'><strong>quaeratur,</strong></span> <span class='ocrx_word' id='word_1_301' title='bbox 1189 3589 1262 3663; x_wconf 88' lang='lat' dir='ltr'><strong>prius</strong></span> 
     </span>
     <span class='ocr_line' id='line_1_35' title="bbox 216 3686 1140 3764; baseline -0.003 -21"><span class='ocrx_word' id='word_1_302' title='bbox 216 3688 445 3764; x_wconf 86' lang='lat' dir='ltr'><strong>cognoscendum</strong></span> <span class='ocrx_word' id='word_1_303' title='bbox 461 3688 495 3743; x_wconf 92' lang='lat' dir='ltr'><strong>de</strong></span> <span class='ocrx_word' id='word_1_304' title='bbox 511 3688 538 3742; x_wconf 85' lang='lat' dir='ltr'><strong>vi</strong></span> <span class='ocrx_word' id='word_1_305' title='bbox 554 3707 637 3761; x_wconf 88' lang='lat' dir='ltr'><strong>quam</strong></span> <span class='ocrx_word' id='word_1_306' title='bbox 652 3687 687 3743; x_wconf 89' lang='lat' dir='ltr'><strong>de</strong></span> <span class='ocrx_word' id='word_1_307' title='bbox 701 3687 880 3761; x_wconf 88' lang='lat' dir='ltr'><strong>possessione</strong></span> <span class='ocrx_word' id='word_1_308' title='bbox 897 3688 936 3742; x_wconf 90' lang='lat' dir='ltr'><strong>rei</strong></span> <span class='ocrx_word' id='word_1_309' title='bbox 953 3686 1140 3742; x_wconf 90' lang='lat' dir='ltr'><strong>decernimus.</strong></span> 
     </span>
    </p>

    <p class='ocr_par' dir='ltr' id='par_1_13' title="bbox 212 3783 1266 4348">
     <span class='ocr_line' id='line_1_36' title="bbox 260 3783 1260 3862; baseline -0.003 -21"><span class='ocrx_word' id='word_1_310' title='bbox 260 3787 326 3862; x_wconf 84' lang='lat'><strong>198,</strong></span> <span class='ocrx_word' id='word_1_311' title='bbox 345 3804 371 3842; x_wconf 91' lang='lat'><strong>1.</strong></span> <span class='ocrx_word' id='word_1_312' title='bbox 404 3785 483 3841; x_wconf 87' lang='lat' dir='ltr'><strong>IIere</strong></span> <span class='ocrx_word' id='word_1_313' title='bbox 498 3786 546 3841; x_wconf 88' lang='lat' dir='ltr'><strong>the</strong></span> <span class='ocrx_word' id='word_1_314' title='bbox 561 3786 627 3841; x_wconf 88' lang='lat' dir='ltr'><strong>MS.</strong></span> <span class='ocrx_word' id='word_1_315' title='bbox 642 3786 694 3842; x_wconf 89' lang='lat' dir='ltr'><strong>has</strong></span> <span class='ocrx_word' id='word_1_316' title='bbox 711 3786 759 3842; x_wconf 93' lang='lat' dir='ltr'><strong>the</strong></span> <span class='ocrx_word' id='word_1_317' title='bbox 773 3785 920 3859; x_wconf 85' lang='lat' dir='ltr'><strong>following</strong></span> <span class='ocrx_word' id='word_1_318' title='bbox 938 3784 1020 3856; x_wconf 90' lang='lat' dir='ltr'><strong>chap.</strong></span> <span class='ocrx_word' id='word_1_319' title='bbox 1037 3783 1137 3839; x_wconf 86' lang='lat' dir='ltr'><strong>erased</strong></span> <span class='ocrx_word' id='word_1_320' title='bbox 1157 3783 1196 3858; x_wconf 87' lang='lat' dir='ltr'><strong>by</strong></span> <span class='ocrx_word' id='word_1_321' title='bbox 1213 3783 1260 3839; x_wconf 88' lang='lat' dir='ltr'><strong>Cr.</strong></span> 
     </span>
     <span class='ocr_line' id='line_1_37' title="bbox 213 3881 1262 3956; baseline -0.002 -18"><span class='ocrx_word' id='word_1_322' title='bbox 213 3883 307 3939; x_wconf 79' lang='lat' dir='ltr'><strong>Iudex</strong></span> <span class='ocrx_word' id='word_1_323' title='bbox 323 3883 388 3938; x_wconf 91' lang='lat' dir='ltr'><strong>dolo</strong></span> <span class='ocrx_word' id='word_1_324' title='bbox 403 3882 477 3938; x_wconf 87' lang='lat' dir='ltr'><strong>malo</strong></span> <span class='ocrx_word' id='word_1_325' title='bbox 492 3883 638 3938; x_wconf 89' lang='lat' dir='ltr'><strong>offendens</strong></span> <span class='ocrx_word' id='word_1_326' title='bbox 653 3883 756 3938; x_wconf 90' lang='lat' dir='ltr'><strong>damna</strong></span> <span class='ocrx_word' id='word_1_327' title='bbox 766 3882 889 3956; x_wconf 90' lang='lat' dir='ltr'><strong>partium</strong></span> <span class='ocrx_word' id='word_1_328' title='bbox 903 3881 1054 3955; x_wconf 90' lang='lat' dir='ltr'><strong>persolvet.</strong></span> <span class='ocrx_word' id='word_1_329' title='bbox 1098 3881 1168 3936; x_wconf 92' lang='lat' dir='ltr'><strong>Non</strong></span> <span class='ocrx_word' id='word_1_330' title='bbox 1185 3881 1262 3956; x_wconf 90' lang='lat' dir='ltr'><strong>quic·</strong></span> 
     </span>
     <span class='ocr_line' id='line_1_38' title="bbox 213 3979 1262 4055; baseline 0 -19"><span class='ocrx_word' id='word_1_331' title='bbox 213 3981 280 4054; x_wconf 89' lang='lat' dir='ltr'><strong>quid</strong></span> <span class='ocrx_word' id='word_1_332' title='bbox 298 3979 401 4054; x_wconf 90' lang='lat' dir='ltr'><strong>judicis</strong></span> <span class='ocrx_word' id='word_1_333' title='bbox 421 3981 555 4055; x_wconf 86' lang='lat' dir='ltr'><strong>potestati</strong></span> <span class='ocrx_word' id='word_1_334' title='bbox 577 3980 759 4055; x_wconf 89' lang='lat' dir='ltr'><strong>permittitur,</strong></span> <span class='ocrx_word' id='word_1_335' title='bbox 782 3981 811 4036; x_wconf 94' lang='lat' dir='ltr'><strong>id</strong></span> <span class='ocrx_word' id='word_1_336' title='bbox 835 3981 982 4054; x_wconf 87' lang='lat' dir='ltr'><strong>subjicitur</strong></span> <span class='ocrx_word' id='word_1_337' title='bbox 1000 3979 1073 4053; x_wconf 89' lang='lat' dir='ltr'><strong>juris</strong></span> <span class='ocrx_word' id='word_1_338' title='bbox 1090 3981 1262 4037; x_wconf 84' lang='lat' dir='ltr'><strong>necessitati.</strong></span> 
     </span>
     <span class='ocr_line' id='line_1_39' title="bbox 212 4078 1265 4154; baseline 0.003 -22"><span class='ocrx_word' id='word_1_339' title='bbox 212 4078 349 4134; x_wconf 74' lang='lat' dir='ltr'><strong>ludensi</strong></span> <span class='ocrx_word' id='word_1_340' title='bbox 374 4079 441 4151; x_wconf 92' lang='lat' dir='ltr'><strong>quid</strong></span> <span class='ocrx_word' id='word_1_341' title='bbox 465 4079 598 4134; x_wconf 89' lang='lat' dir='ltr'><strong>adversus</strong></span> <span class='ocrx_word' id='word_1_342' title='bbox 622 4079 693 4154; x_wconf 86' lang='lat' dir='ltr'><strong>legis</strong></span> <span class='ocrx_word' id='word_1_343' title='bbox 717 4089 857 4154; x_wconf 82' lang='lat' dir='ltr'><strong>praecepta</strong></span> <span class='ocrx_word' id='word_1_344' title='bbox 878 4079 907 4134; x_wconf 91' lang='lat' dir='ltr'><strong>in</strong></span> <span class='ocrx_word' id='word_1_345' title='bbox 927 4078 1081 4152; x_wconf 87' lang='lat' dir='ltr'><strong>judicando</strong></span> <span class='ocrx_word' id='word_1_346' title='bbox 1101 4078 1169 4134; x_wconf 93' lang='lat' dir='ltr'><strong>dolo</strong></span> <span class='ocrx_word' id='word_1_347' title='bbox 1193 4079 1265 4135; x_wconf 91' lang='lat' dir='ltr'><strong>malo</strong></span> 
     </span>
     <span class='ocr_line' id='line_1_40' title="bbox 212 4175 1266 4251; baseline 0.004 -21"><span class='ocrx_word' id='word_1_348' title='bbox 212 4175 432 4248; x_wconf 80' lang='lat' dir='ltr'><strong>praetermiserit,</strong></span> <span class='ocrx_word' id='word_1_349' title='bbox 448 4178 542 4251; x_wconf 83' lang='lat' dir='ltr'><strong>Iegem</strong></span> <span class='ocrx_word' id='word_1_350' title='bbox 563 4178 691 4242; x_wconf 87' lang='lat' dir='ltr'><strong>offendit,</strong></span> <span class='ocrx_word' id='word_1_351' title='bbox 707 4187 735 4233; x_wconf 93' lang='lat' dir='ltr'><strong>et</strong></span> <span class='ocrx_word' id='word_1_352' title='bbox 751 4179 854 4234; x_wconf 87' lang='lat' dir='ltr'><strong>damna</strong></span> <span class='ocrx_word' id='word_1_353' title='bbox 868 4177 1001 4250; x_wconf 89' lang='lat' dir='ltr'><strong>partium,</strong></span> <span class='ocrx_word' id='word_1_354' title='bbox 1018 4195 1080 4248; x_wconf 86' lang='lat' dir='ltr'><strong>quae</strong></span> <span class='ocrx_word' id='word_1_355' title='bbox 1103 4176 1171 4232; x_wconf 90' lang='lat' dir='ltr'><strong>inde</strong></span> <span class='ocrx_word' id='word_1_356' title='bbox 1194 4176 1266 4234; x_wconf 84' lang='lat' dir='ltr'><strong>forte</strong></span> 
     </span>
     <span class='ocr_line' id='line_1_41' title="bbox 214 4275 542 4348; baseline 0.012 -21"><span class='ocrx_word' id='word_1_357' title='bbox 214 4282 376 4346; x_wconf 88' lang='lat' dir='ltr'><strong>sequentur,</strong></span> <span class='ocrx_word' id='word_1_358' title='bbox 392 4275 542 4348; x_wconf 83' lang='lat' dir='ltr'><strong>persolvet.</strong></span> 
     </span>
    </p>
   </div>
   <div class='ocr_carea' id='block_1_3' title="bbox 0 0 1350 4800">
    <p class='ocr_par' dir='ltr' id='par_1_14' title="bbox 0 0 1350 4800">
     <span class='ocr_line' id='line_1_42' title="bbox 0 0 1350 4800; baseline 0 0"><span class='ocrx_word' id='word_1_359' title='bbox 0 0 1350 4800; x_wconf 95' lang='lat' dir='ltr'><strong> </strong></span> 
     </span>
    </p>
   </div>
  </div>
 </body>
</html>
