2692 4800
131 148 203 215 158
404 163 453 213 nn
478 161 592 213 corruo
617 161 906 216 uocnmnsrrcn.
1135 166 1165 218 c.
1181 172 1265 229 ron·-

331 413 409 499 Ocp.
422 432 471 478 10.
494 411 652 478 Institutio
665 412 796 479 coronis
808 412 909 499 quoii·
920 413 971 480 rit.

179 553 357 639 Quoniam
395 551 556 624 homines
588 552 634 624 od
668 553 886 646 peccandum
920 552 1025 625 focile
1061 551 1176 626 solent

129 669 308 750 accedere,
338 688 514 738 carcerem
545 689 656 737 unum
685 678 750 740 aut
778 667 941 752 alterum,
970 667 1028 740 vel
1059 668 1177 762 plures

129 784 305 867 etiamsi
333 805 389 855 res
422 784 631 877 poposcerit.
659 784 862 877 inproprie
891 786 1038 869 ditione,
1069 808 1176 878 quom

130 901 310 973 dioecesim
328 908 468 985 vocent,
485 899 667 992 episcopus
685 898 837 984 hobcot;
864 908 906 971 ut
927 924 971 973 eo
995 900 1178 973 dimittan-

130 1027 199 1098 tur,
216 1017 278 1110 qui
298 1039 337 1087 se
357 1017 453 1087 vitiis
475 1015 512 1085 in
529 1015 584 1086 his
604 1013 742 1110 legibus
765 1016 888 1109 positis
910 1016 1178 1106 obstrinxerint,

130 1129 187 1202 vel
217 1129 473 1202 contumeliose
500 1138 565 1201 cut
597 1130 829 1202 irreverentes
862 1141 988 1205 contro
1013 1132 1177 1227 judicem

129 1267 193 1340 pro
210 1245 377 1319 tribunali
394 1247 577 1318 sedentem
594 1268 632 1317 se
647 1248 830 1342 gesserint.

215 1458 1093 1548 Gap.11.Poouniosiopcnoqoomodoodmittiponit.

182 1597 415 1670 Poenitentlos
432 1597 685 1670 ecclesiasticos
707 1598 873 1672 nolumus
894 1600 933 1670 in
955 1621 1080 1693 poenns
1101 1621 1180 1670 mu·

130 1714 198 1786 tori
226 1713 454 1807 pecuniarios,
484 1714 551 1786 nisi
580 1713 701 1807 aliquo
726 1715 845 1810 gravis
873 1715 1114 1788 intercesserit
1140 1724 1180 1787 et

129 1831 326 1903 necessario
344 1851 458 1902 conso.
510 1829 661 1916 Quoties
679 1838 802 1902 cotom
821 1831 874 1904 ito
888 1831 962 1915 fiot,
980 1852 1107 1903 omnes
1127 1831 1180 1903 roi

131 1969 306 2031 nummos,
317 1946 445 2040 quibos
461 1946 596 2018 crimen
613 1946 689 2039 ojus
705 1946 884 2040 plectitur,
895 1947 934 2017 in
949 1967 1180 2019 communem

131 2062 346 2146 thesaurum,
365 2083 472 2156 quem
494 2062 620 2134 cistom
642 2082 837 2156 properum
861 2069 1001 2146 vocent,
1018 2085 1181 2157 compor-

131 2181 197 2253 ton·
224 2179 351 2273 placet,
376 2187 416 2250 et
440 2200 501 2251 eos
528 2176 577 2249 ibi
608 2178 737 2272 deponi
762 2178 824 2250 ubi
854 2177 1002 2261 habitat.
1028 2184 1095 2252 cut
1117 2178 1180 2252 ubi

131 2297 264 2369 crimen
299 2295 526 2366 commissum
560 2301 624 2366 est.
687 2293 802 2387 quue
834 2295 1002 2366 testatius
1030 2304 1077 2367 ut
1104 2318 1181 2369 esso

132 2414 253 2507 possit,
277 2411 416 2483 aedituis
440 2410 498 2481 vel
526 2410 678 2504 modicis
703 2410 933 2504 presentibus
960 2419 1118 2506 geretur,
1143 2421 1182 2485 ot

132 2538 275 2621 tempus
299 2536 460 2598 sumatur
479 2525 725 2598 celebrationis
749 2527 951 2599 divinorum
972 2525 1182 2611 ciliciorum,

132 2653 171 2715 et
190 2643 358 2737 pecunioo
380 2641 430 2713 ibi
454 2642 615 2713 monibus
637 2639 731 2735 ipse¹
749 2643 821 2714 suis
841 2640 993 2714 collocet
1015 2644 1078 2736 qui
1100 2665 1183 2737 peo-

133 2763 237 2841 covit,
255 2769 294 2831 et
314 2760 389 2831 dies
406 2760 549 2852 quidem
567 2760 614 2829 sit
630 2759 753 2844 festus,
770 2767 812 2829 ut
828 2757 947 2851 plures
968 2781 1050 2831 rcus
1072 2768 1183 2831 testes

134 2878 219 2949 loeti
245 2877 299 2949 sui
325 2875 479 2972 colliget.
542 2875 591 2945 Et
617 2876 646 2946 is
672 2876 718 2946 sit
743 2874 827 2958 dies,
853 2896 959 2967 quem
984 2875 1100 2968 judex
1131 2874 1181 2946 illi

135 2993 390 3087 praescripserit,
424 2991 480 3063 vel
516 2991 711 3063 ordinarius
744 3013 805 3061 reo
839 3000 954 3061 certos
987 2992 1183 3063 constituet

133 3112 209 3204 pios
236 3133 367 3192 causas,
389 3111 425 3179 in
450 3107 578 3201 quibus
604 3107 755 3200 pecunie
779 3106 894 3176 omnis
919 3109 1081 3199 expromi
1105 3131 1182 3201 pos-

133 3228 191 3298 sit.
250 3225 288 3297 si
319 3227 397 3319 quis
430 3234 551 3295 cutem
581 3222 721 3316 culpam
756 3223 906 3294 eandem
939 3222 1181 3316 geminaverit,

135 3342 273 3414 nullum
295 3341 346 3412 illi
371 3341 572 3436 praesidium
597 3341 633 3410 in
657 3339 807 3433 pecunie
829 3337 1072 3430 relinquimus.

618 3542 625 3580 ι
641 3529 703 3605 ipsi.
