2692 4800
148 272 220 337 254
549 288 598 336 na
622 287 801 349 rasuram,
1183 272 1245 368 c3l

213 550 289 635 (lap.
306 550 359 634 38.
386 549 483 614 Testes
489 570 552 634 pro
567 558 696 633 utraque
704 556 798 635 pora
811 546 960 633 ἄφυκτα
972 524 1131 627 dudem

558 650 783 735 requirantur&

139 793 142 797 ’
197 790 321 861 Testes
347 812 409 883 pro
436 797 584 880 utraque
609 797 710 881 parte
727 789 904 881 deponere
926 789 1121 875 debent,si
1143 815 1193 863 re·

148 907 333 999 quitantur
355 905 412 976 vel
432 929 454 976 a
472 905 605 997 judice,
624 904 681 975 vel
704 914 845 998 apmte
870 928 943 975 non
970 908 1193 999 producente,

149 1024 233 1093 licet
250 1031 388 1115 aparte
413 1019 653 1114 principaliter
677 1022 895 1113 producente
915 1045 1093 1117 expensas
1114 1029 1194 1097 reci·

149 1140 261 1232 piunt.

419 1231 497 1318 (lap.
513 1253 567 1320 39.
589 1233 789 1300 Emndoutio
801 1235 927 1300 ratium.

200 1370 341 1440 Notarii
367 1391 482 1462 opera,
506 1380 544 1440 et
570 1394 640 1441 non
666 1372 846 1455 industria,
871 1374 908 1442 in
934 1374 1194 1445 examinatione

149 1488 296 1558 testium
315 1486 454 1556 videtur
478 1485 604 1557 electa.
661 1486 749 1558 Ideo
765 1489 809 1558 ad
835 1490 1049 1560 mandatum
1068 1491 1193 1584 judicis

149 1603 282 1675 debent
299 1602 451 1674 scribere
468 1601 564 1671 dicta
581 1603 739 1686 testium,
756 1605 865 1674 etiam
882 1607 1081 1687 extensive,
1095 1616 1193 1699 prout

148 1721 389 1811 unusquisque
413 1716 583 1809 loquutus
605 1718 722 1792 fuerit,
746 1741 827 1789 cum
853 1721 889 1790 in
916 1722 1036 1793 verbis
1064 1722 1192 1794 omissis

149 1836 229 1928 plus
253 1834 441 1927 aliquando
466 1833 629 1913 efficaciae
655 1836 838 1927 reperitur,
856 1859 965 1928 quam
991 1839 1101 1923 iniis,
1119 1863 1190 1932 qne

149 1976 171 2023 a
187 1951 331 2021 notariis
348 1949 556 2041 quibusdam
574 1949 831 2022 describuntur.

438 2158 516 2243 Gap.
528 2177 581 2237 40.
608 2160 712 2224 Teates
726 2160 906 2246 amarer.

198 2300 322 2371 Testes
347 2299 539 2391 singulares
565 2298 651 2369 nihil
677 2299 849 2393 probant3
883 2302 975 2373 adeo
1000 2311 1045 2374 ut
1063 2314 1189 2377 veteres

149 2439 220 2487 non
238 2414 493 2508 permittebant
503 2415 758 2507 juramentum,
775 2417 886 2487 etiam
903 2416 940 2486 in
958 2417 1104 2491 defectu
1121 2443 1189 2513 pro·

149 2531 311 2613 bationis,
333 2528 422 2601 tales
447 2538 557 2600 testes
582 2531 790 2623 producenti
812 2531 960 2615 deferre,
986 2534 1055 2603 nisi
1080 2534 1189 2627 hujus

149 2646 245 2715 modi
270 2644 490 2738 singularitas
508 2646 633 2715 tendat
649 2646 694 2715 ad
713 2668 824 2715 unum
842 2657 878 2715 et
896 2648 1052 2717 eundem
1071 2649 1186 2719 finem:

150 2762 242 2853 quod
263 2772 301 2832 et
317 2783 380 2830 nos
398 2762 643 2852 approbamus.

443 2969 519 3053 (lap.
536 2990 590 3049 41.
614 2970 754 3035 variatio
769 2973 898 3036 tostirem.

198 3112 236 3181 Si
263 3111 321 3203 qni
349 3120 467 3178 tamon
494 3118 602 3179 testes
628 3109 808 3202 deponant
838 3110 883 3181 de
910 3111 1030 3203 aliqua
1059 3135 1187 3183 summa

149 3229 278 3308 debita,
296 3228 404 3319 aliqui
422 3226 467 3295 de
494 3230 629 3322 majori,
647 3226 755 3319 aliqui
783 3250 900 3297 rursus
926 3228 971 3297 de
997 3229 1138 3316 minori,
1154 3251 1186 3299 ac

148 3346 185 3412 in
206 3368 277 3415 una
298 3343 415 3436 aliqua
441 3368 578 3415 summa
603 3366 771 3414 numerus
793 3343 968 3414 sufficiens
994 3347 1186 3425 concordat,

147 3468 266 3552 potest
294 3459 362 3531 illis
381 3462 495 3553 judex
521 3461 627 3530 fidem
653 3460 830 3542 adhibere,
849 3462 878 3530 si
899 3461 987 3530 nihil
1005 3461 1104 3533 aliud
1128 3474 1187 3542 est,

146 3577 240 3667 quod
261 3575 402 3647 illorum
419 3579 501 3647 fidei
521 3576 694 3647 detrahat.

323 3784 402 3869 (lap.
420 3804 470 3864 42.
498 3785 687 3849 Testimonia
700 3785 739 3849 de
752 3785 827 3849 scira
842 3794 870 3849 et
885 3786 1014 3851 credere.

197 3920 299 3990 Licet
326 3930 435 3992 testes
460 3944 551 4014 saepe
577 3921 665 3991 adeo
691 3922 796 3991 rudes
823 3930 906 3991 sunt
937 3933 974 3992 et
1000 3922 1124 4015 ignari,
1152 3934 1189 3992 ut

145 4037 233 4106 nihil
260 4037 479 4130 distinguant
509 4040 602 4108 inter
628 4039 735 4108 verba
761 4040 918 4109 veritatis
944 4041 1112 4110 assertiva
1138 4046 1189 4133 (ut

144 4155 241 4246 scic),
259 4176 300 4223 ac
325 4153 386 4224 illa
409 4177 486 4245 quae
508 4154 596 4224 nihil
621 4156 816 4225 necessario
839 4164 976 4248 ponunt
995 4156 1052 4243 (ut
1075 4157 1188 4236 credo,

574 4288 580 4325 ¹
598 4292 763 4366 requiratur.
