2692 4800
494 328 699 386 uosuuoue
725 330 852 382 orcus.
1127 319 1196 384 251

209 595 289 682 (lap.
304 614 322 661 2
322 614 355 681 5.
380 596 441 678 Qai
449 595 662 680 poeaitentiam
677 605 811 681 agenat,
826 597 871 662 od
884 597 1047 662 testimonii
1052 599 1147 681 fidem
1212 620 1273 686 ¹¹9

549 699 668 763 restitui
675 707 812 784 possem.

200 832 480 908 Ceterum'cum
505 859 570 906 nos
594 858 733 929 semper
756 859 820 929 pro
850 837 984 930 pietate
1015 847 1135 907 nostra
1161 839 1198 908 in

150 952 313 1023 subditos
329 961 468 1023 nostros
487 953 600 1046 magis
623 952 806 1046 cupiamus
824 975 884 1022 eos
904 975 1044 1045 semper
1060 953 1199 1037 lucrari,

149 1090 256 1160 quam
287 1069 323 1137 in
350 1069 630 1161 desperationem
657 1069 810 1162 adigere,
835 1068 862 1138 si
890 1070 968 1160 quis
991 1070 1198 1139 criminosus

150 1184 288 1255 crimini
309 1206 373 1253 suo
390 1184 532 1276 penitus
552 1184 821 1265 renunciaverit,
839 1205 880 1253 ac
898 1184 1106 1277 condignam
1126 1207 1198 1276 poe-

149 1300 339 1370 nitentium
365 1298 521 1370 ecclesiae
541 1299 678 1390 judicio
704 1322 767 1391 pro
793 1298 918 1369 eodem
945 1300 1131 1392 peregerit,
1156 1321 1198 1369 ac

149 1414 193 1485 ad
207 1413 435 1509 frugaliorem
448 1415 558 1484 vitam
575 1414 730 1495 redierit,
743 1414 938 1485 testimonii
957 1426 1043 1484 tunc
1056 1414 1196 1484 dicendi

151 1530 359 1603 facultatem
377 1530 430 1602 illi
446 1530 702 1602 restituendam
719 1530 897 1600 duximus.

314 1741 393 1826 (lap.
408 1743 460 1807 26.
485 1739 599 1821 Quem
612 1739 824 1826 tedilaafidea
837 1743 878 1807 sit
891 1739 1039 1806 labendo.

198 1879 365 1951 'restibus
381 1880 509 1971 juratis
527 1888 565 1949 ct
582 1902 651 1949 non
670 1879 883 1949 testimoniis
905 1879 1072 1948 convenit
1089 1877 1197 1948 iidem

150 1995 339 2066 adhibere:
374 1992 444 2064 illis
471 2004 592 2065 tamen
621 1995 771 2066 testibus
798 1994 1013 2065 credendum
1041 2001 1105 2075 est,
1135 1995 1195 2085 qui

150 2110 403 2182 concludenter
427 2118 489 2180 aut
517 2112 765 2204 presumptive
792 2133 878 2192 rem,
903 2110 948 2179 de
974 2132 1044 2201 qua
1068 2108 1195 2202 agitur,

150 2228 357 2323 approbant.

197 2440 276 2527 cap.
293 2457 343 2526 27.
367 2443 469 2527 caper
483 2439 593 2505 mem
607 2445 663 2504 aut
675 2438 838 2503 corariis
852 2436 994 2502 articulis
1007 2458 1066 2501 aon
1081 2437 1151 2504 ticet

475 2541 589 2627 sepius
603 2548 688 2605 tecua
699 2539 878 2625 producere.

199 2683 413 2774 Quicunque
439 2678 559 2762 semel,
577 2688 640 2750 aut
665 2676 809 2771 pluries¹
837 2685 945 2748 testes
963 2678 1100 2771 aliquos
1117 2703 1197 2772 pro·

148 2800 300 2882 duxerit,
318 2821 360 2869 ac
382 2796 572 2868 testificata
596 2796 809 2877 tractaverit,
832 2802 895 2864 aut
921 2817 1063 2886 quoquo
1089 2797 1195 2866 modo

148 2915 273 2987 eadem
312 2912 486 2994 didicerit,
522 2934 594 2982 non
627 2909 774 2980 habebit
814 2911 888 3002 ipse
923 2908 1103 2980 licentiam
1138 2910 1193 2982 vel

147 3033 293 3105 eosdem
312 3027 370 3100 vel
392 3026 480 3099 alios
505 3049 611 3120 super
630 3025 763 3096 eisdem
783 3026 839 3096 vel
857 3026 992 3095 directo
1012 3027 1195 3096 contrariis

147 3145 305 3218 articulis
322 3142 552 3239 producendi.

345 3355 422 3440 cap.
437 3354 487 3420 28.
514 3353 645 3424 Quaado
658 3360 744 3418 testes
757 3354 853 3438 repeti
862 3363 995 3439 poseant.

196 3497 321 3567 Testes
337 3492 441 3587 plene
458 3492 684 3562 examinandi
710 3500 803 3574 sunt,
821 3514 888 3563 nec
905 3514 926 3561 a
943 3493 1015 3562 suis
1041 3496 1192 3586 negotiis

145 3636 240 3706 saepe
256 3608 437 3682 avocandi.
479 3606 517 3676 Si
537 3615 656 3676 tamen
674 3615 737 3676 aut
755 3607 838 3677 dolo
858 3608 988 3698 judicis
1005 3619 1067 3679 aut
1082 3610 1194 3702 negli-

145 3728 270 3822 gentia
298 3725 420 3796 debito
454 3723 561 3793 modo
592 3723 786 3792 examinati
816 3746 887 3793 nou
917 3733 1011 3807 sunt,
1038 3724 1074 3793 id
1103 3727 1194 3815 parti

145 3851 245 3912 recte
268 3838 452 3918 libellanti‚
470 3860 532 3908 seu
551 3836 717 3907 articulos
738 3838 958 3930 proponenti,
975 3860 1104 3909 nocere
1123 3861 1193 3909 non

146 3957 265 4035 debet,
291 3957 375 4048 quin
403 3952 529 4024 iidem²
546 3961 656 4024 testes
675 3953 790 4046 repeti
815 3964 971 4044 possunt.
1024 3951 1193 4023 Ceterum

145 4074 175 4143 si
207 4073 315 4165 partis
343 4070 448 4163 culpa
478 4080 540 4140 aut
567 4068 787 4162 negligentia
813 4068 974 4138 defectus
1003 4068 1130 4161 aliquis
1159 4073 1193 4139 in

146 4188 293 4257 testium
321 4188 424 4258 (lictis
450 4184 744 4276 deprehendatur,
770 4183 820 4253 illi
851 4206 1022 4274 nusquam
1054 4209 1194 4256 succur-

379 4320 388 4359 ¹
403 4326 505 4402 plures.
839 4317 852 4356 ²
865 4323 967 4381 eidem.
