2692 4800
145 283 220 353 att
504 301 554 349 ns
578 300 848 354 nmnomus
1212 304 1277 379 c.3·

145 458 231 525 sitas
250 455 458 525 desideratae
478 457 719 526 instructionis
740 457 915 550 exegerit
967 453 1109 528 ldciroo
1127 479 1195 528 nou

146 573 213 642 nisi
232 573 332 664 justa
354 572 401 642 de
425 594 531 642 eausa
550 572 699 664 petenti,
714 571 879 664 bonaque
900 571 973 643 tide
996 572 1195 667 imploranti

146 688 270 759 dilatio
298 688 443 758 concedi
473 688 592 758 debet.
654 687 807 758 Proinde
836 688 868 758 si
895 688 1079 761 momudae
1108 689 1198 761 solu·

145 805 254 875 tionis
285 806 400 898 gratia
427 828 450 874 a
478 804 639 874 debitore
668 803 749 875 fulsi
777 806 913 876 crimen
943 805 1124 897 objicitur,
1149 808 1198 876 ui-

147 921 339 992 bilominus
367 920 463 992 salva
493 923 707 991 executione
734 922 901 1005 criminis,
922 922 1131 995 debitorem
1156 924 1199 995 ad

13 1087 20 1102 .
147 1037 361 1108 solutionem
387 1037 552 1130 compelli
583 1038 758 1108 volumus.
813 1037 863 1108 Et
892 1037 990 1109 idem
1020 1040 1060 1110 in
1089 1042 1202 1112 eonsi-

147 1154 292 1225 milibus
315 1156 515 1226 faciendum
537 1156 793 1224 existimamus

392 1360 471 1446 Cap.
482 1384 515 1439 4.
539 1362 631 1425 cera
644 1361 827 1425 dilationum
839 1361 954 1447 sputis

198 1508 371 1592 Quamvis
386 1509 470 1600 jure
494 1511 641 1601 antiquo
666 1520 851 1602 receptum
875 1511 935 1593 sit,
960 1521 1003 1581 ut
1029 1512 1205 1605 quaelibet

148 1627 272 1697 citatio
296 1626 451 1716 spatium
480 1625 606 1696 decem
631 1626 769 1697 dierum
794 1628 979 1711 concedat,
1005 1639 1045 1699 et
1069 1631 1206 1701 deutur

148 1746 193 1816 ad
219 1743 486 1814 deliberandum
503 1744 630 1837 viginti
653 1745 729 1815 dies
747 1767 811 1837 pro
834 1743 988 1815 testibus
1010 1754 1050 1816 et
1071 1746 1205 1819 instru-

147 1861 279 1931 mentis
313 1859 557 1952 producendis,
587 1860 728 1952 quando
768 1860 903 1930 fuerint
936 1862 974 1930 in
1009 1864 1204 1954 provincia,

148 1986 221 2048 tres
253 1998 403 2057 meuses,
429 1977 570 2068 quaudo
603 1978 640 2046 in
675 1976 760 2047 locis
792 1978 980 2070 provincie
1010 1981 1203 2075 contiguis,

148 2114 223 2173 sex,
259 2089 400 2183 quando
439 2091 476 2158 iu
521 2092 763 2161 transmarinis
803 2091 1017 2186 regionibus,
1055 2116 1203 2179 uorem,

148 2209 259 2278 actori
283 2231 366 2278 reru
390 2208 593 2277 contumaci
618 2208 766 2301 triginta
788 2207 883 2290 dies3
909 2208 994 2279 istas
1019 2211 1203 2284 nihilomi-

148 2347 216 2393 nus
241 2323 430 2393 dilationes
447 2322 612 2413 judicum
633 2323 778 2393 arbitrio
799 2322 951 2411 (ratione
973 2324 1099 2398 habita
1121 2353 1203 2423 per·

149 2463 325 2520 sonarum,
367 2440 526 2510 locorum
564 2449 604 2510 et
644 2443 843 2530 causamm)
880 2442 994 2535 magis
1036 2447 1202 2520 minusve

149 2557 307 2628 contrahi
328 2556 500 2639 volumus,
519 2558 696 2649 prorogari
716 2579 798 2626 vero
816 2555 914 2626 nullo
931 2561 1049 2630 modo.
1088 2563 1202 2635 Cum.

150 2697 219 2765 que
236 2673 350 2764 judex
369 2695 427 2742 eas
451 2672 605 2741 multum
623 2675 847 2754 contraxerit,
866 2654 987 2745 causas
1010 2680 1203 2771 exprimat,

150 2815 227 2883 quae
252 2791 289 2858 in
316 2791 403 2858 actis
429 2789 627 2858 inserantur
651 2799 693 2858 ut
716 2788 914 2881 appellandi
940 2796 1090 2865 materia
1114 2820 1205 2889 prm-

149 2908 297 2977 cidatur.
348 2905 594 2997 Appellatoria
616 2916 735 2975 tamen
756 2905 880 2976 dilatio
898 2907 1029 2997 judicis
1054 2913 1205 2984 arbitrio

149 3163 240 3220 rum,
257 3140 317 3231 qui
336 3162 451 3230 neque
469 3138 733 3222 contrahentur,
750 3161 865 3230 neque
882 3140 1161 3232 ampliabantur.

194 3345 269 3431 Cap.
280 3364 310 3431 5.
338 3346 510 3410 Dilotiooes
525 3367 595 3430 qum
610 3345 654 3408 od
667 3367 770 3408 causta
784 3347 979 3431 oopm'tionem
987 3350 1156 3434 por-tinent,

271 3449 378 3531 judico
392 3449 519 3525 sedente,
535 3458 561 3511 et
570 3458 663 3532 porte
677 3447 806 3512 adverso
821 3453 1067 3533 proesentofiont.

202 3604 399 3676 Dilationes
429 3607 600 3678 citatorias
629 3618 736 3697 atque
767 3606 1032 3691 deliberatorio,
1065 3610 1150 3682 licet
1181 3638 1203 3686 a

144 3723 266 3811 judice
294 3747 363 3793 uon
392 3726 550 3805 sedente,
577 3725 638 3793 sed
664 3723 868 3794 ambulante
895 3726 929 3793 iu
959 3723 1037 3796 loco
1059 3729 1200 3819 judicii,

150 3840 294 3909 concedi
331 3842 475 3931 possint,
505 3850 664 3910 ettamen
698 3863 779 3931 quae
814 3863 924 3911 cansa
957 3844 1200 3936 cognitionem

152 3958 342 4046 requirunt,
371 3981 391 4025 a
414 3958 536 4048 judice
566 3956 712 4027 sedente
743 3957 816 4027 dari
844 3958 1019 4043 volumus,
1046 3970 1084 4030 et
1112 3961 1200 4032 dum

149 4071 346 4142 adversaria
374 4096 451 4164 pars
481 4075 603 4155 adest3
639 4082 679 4142 ut
708 4075 735 4143 si
763 4073 944 4156 reclamet,
971 4084 1009 4146 et
1037 4077 1083 4148 de
1111 4078 1200 4149 dila-

151 4187 307 4256 tionibus
339 4188 538 4279 lrujusmodi
571 4189 717 4280 queastio
744 4201 911 4282 ernergat‚
939 4192 1116 4262 sentent-ia
1138 4196 1199 4283 ju-

151 4300 237 4370 dicis
255 4301 297 4371 lis
315 4303 508 4373 dirimatur.
