2692 4800
168 152 241 218 202
417 168 465 217 nn
483 165 625 219 orrrom
642 166 687 217 nr
703 165 983 221 Jnnnmcrronn

508 418 609 481 Poeno
623 417 658 481 ia
671 424 864 482 contum.

212 555 359 628 Judices
389 555 614 627 ecclesiastici
646 558 682 627 in
707 565 936 630 contumaces
965 565 1005 629 et
1029 580 1106 630 non
1134 557 1211 631 obe·

165 673 304 745 dientes
329 693 450 764 poenas
476 671 728 743 ecclesiasticas
753 673 945 766 proferant,
968 683 1081 768 atque
1105 674 1212 748 cocle-

163 788 311 858 siasticoe
321 787 577 879 jurisdictionis
599 796 862 881 contemptores
884 788 1091 883 hujusmodi
1106 790 1212 885 poenis

164 912 361 976 coerceant.

582 1022 802 1089 Cancelhrico.

214 1161 378 1234 Vicarius
402 1164 555 1256 episcopi
575 1164 691 1255 Jndex
714 1174 769 1235 est
796 1165 1002 1248 ordinarius,
1021 1189 1140 1260 neque
1157 1167 1216 1259 ju·

162 1281 403 1351 risdictionem
420 1279 529 1350 habet
546 1280 824 1375 subdelegatam.

213 1395 348 1468 Vican'i
365 1397 575 1489 jurisdictio,
594 1420 636 1467 eo
661 1407 803 1468 mortuo
823 1398 884 1492 qni
906 1421 991 1470 eum
1015 1398 1106 1470 fecit
1125 1400 1216 1472 vica·

163 1512 266 1594 rium,
284 1509 373 1580 non¹
393 1511 532 1582 desinit.

571 1671 806 1757 masania.

212 1807 236 1878 J
238 1810 332 1880 udex
353 1833 424 1880 non
441 1810 634 1903 deputetur
650 1811 766 1882 minor
783 1811 909 1906 viginti
927 1810 1088 1905 quinque
1103 1813 1214 1885 annis

386 2027 517 2097 Quando
531 2029 654 2112 impone
667 2049 728 2092 oon
734 2034 870 2114 paretur
875 2027 990 2112 jodici.

212 2167 327 2239 Extra
356 2167 591 2239 territorium²
613 2169 675 2260 jus
708 2169 841 2239 dicenti
874 2170 1021 2262 impune
1050 2193 1124 2243 non
1153 2194 1214 2266 pc·

162 2293 269 2355 retur.
326 2285 427 2355 Idem
459 2294 581 2357 estet
610 2286 639 2355 si
668 2307 774 2377 supra
795 2285 1082 2375 jurisdictionem
1112 2308 1213 2358 sunm

163 2400 249 2470 velit
266 2401 327 2491 jus
353 2402 480 2473 dicere.

212 2755 318 2826 More
342 2757 515 2845 majorum
535 2755 586 2824 ita
611 2762 853 2846 comparatum
871 2762 936 2834 est,
953 2762 995 2822 ut
1011 2753 1042 2823 is
1064 2753 1211 2826 demum

153 2871 437 2963 jurisdictionem
472 2869 640 2939 mandare
674 2870 793 2961 possit,
824 2868 884 2959 qui
915 2890 994 2937 eam
1024 2890 1089 2939 suo
1116 2873 1211 2962 jure,

160 3012 230 3058 non
261 2987 375 3057 alieno
403 2985 586 3068 beneficio,
612 2984 731 3055 habet.
783 2984 850 3054 Cui
880 2982 999 3075 aliqua
1024 3006 1132 3055 cansa
1156 2993 1211 3056 est

161 3104 332 3197 delegata,
365 3102 462 3172 illam
494 3101 596 3171 alteri
626 3100 856 3194 subdelegare
886 3122 957 3169 non
986 3107 1116 3190 potest,
1144 3102 1209 3171 nisi

160 3243 181 3289 a
207 3228 328 3288 nostra
357 3220 453 3313 regia
477 3219 664 3308 majestate
692 3239 797 3287 causa
822 3217 930 3287 fuerit
955 3216 989 3286 ei
1013 3217 1208 3287 commissa

161 3332 258 3403 Nam
289 3343 376 3403 tuno
409 3359 480 3405 non
511 3333 624 3404 solum
656 3333 820 3427 delegare
850 3340 978 3425 potest,
1007 3331 1069 3401 sed
1101 3332 1209 3402 etiem

159 3450 246 3521 alios
277 3474 402 3543 cogere
436 3454 481 3521 ad
511 3473 653 3521 causam
689 3449 953 3540 acceptandam,
986 3470 1093 3539 quam
1128 3448 1208 3539 ipsis

160 3566 403 3659 delegaverit;
446 3568 473 3636 si
510 3576 631 3636 tamen
666 3565 838 3635 industria
871 3586 1028 3655 personae
1063 3563 1140 3654 ejus
1173 3563 1206 3632 in

158 3685 403 3753 commissione
426 3706 536 3753 cansae
558 3681 843 3774 deprehendatur
865 3675 1008 3760 electass,
1026 3679 1139 3770 ipsam
1156 3686 1207 3748 to-

158 3805 232 3866 tam
251 3797 414 3890 delegare
434 3822 505 3868 non
530 3799 672 3890 poterit.
726 3795 921 3890 Delegatus
941 3803 1062 3864 tamen
1083 3803 1204 3864 nostrae

158 3913 353 4002 majestatis
382 3913 613 4005 subdelegato
644 3935 707 3982 suo
736 3935 809 3981 non
839 3918 959 4004 potest
985 3910 1069 3981 dara
1097 3908 1202 3981 facul·

159 4037 271 4100 tatem
306 4027 569 4123 subdelegandi.
633 4028 828 4122 Delegatus
866 4029 974 4099 etiam
1014 4025 1202 4119 majestatis

275 4184 281 4223 Ι
299 4195 353 4232 non
370 4195 422 4232 oin.
588 4173 600 4210 ²
613 4176 785 4233 territorum.
951 4181 963 4218 ⁸
978 4174 1092 4231 elector.
