2692 4800
152 270 224 344 292
534 287 582 338 ne
607 288 807 340 ssursurm

149 444 336 526 cernimus,
359 466 429 536 qua
450 443 567 515 aditus
592 446 636 515 ad
662 443 863 537 principalis
888 467 1002 516 causoe
1027 446 1197 539 cognitio-

149 580 232 628 nem
256 568 410 652 paratur.
462 556 507 631 Id
524 582 607 632 vero
630 559 769 631 duobus
791 558 833 629 fit
852 559 990 631 modis:
1015 571 1081 632 sut
1104 564 1196 632 enim

142 674 257 766 judex
274 675 481 768 simpliciter
497 675 632 768 aliquid
650 677 801 768 imperat
818 673 1043 770 litigantibus
1060 686 1103 749 ut
1115 677 1198 749 faci·

148 800 220 874 ant,
238 800 302 861 eut
318 813 473 862 remores
489 792 753 884 exceptionum,
770 815 858 884 quas
877 792 1048 886 utrinque
1071 793 1198 866 attule-

148 915 241 988 runt,
259 928 323 976 sua
338 905 630 997 pronunciatione
647 906 776 991 aufert,
793 915 834 977 ut
851 906 985 999 absque
1008 907 1198 980 obstaculis

146 1020 192 1090 ud
210 1021 425 1090 decisionem
442 1018 644 1113 principalis
660 1042 774 1090 causae
791 1020 911 1090 venire
928 1021 1051 1113 possit.
1091 1019 1197 1093 Unde

147 1156 226 1203 eam
248 1134 298 1203 sic
316 1132 453 1202 definiri
472 1132 646 1203 volumus.
698 1131 1000 1225 Interloquutoria
1021 1135 1198 1206 sententia

147 1260 320 1340 estquis
354 1249 448 1319 inter
481 1249 694 1343 principium
722 1263 761 1321 et
789 1249 896 1320 finem
928 1273 1043 1321 causae
1075 1251 1196 1336 fertur,

146 1388 251 1458 super
268 1366 310 1436 iis
327 1389 405 1457 quoe
427 1366 590 1436 incidunt
607 1364 664 1436 vel
685 1376 873 1460 emergunt
889 1366 977 1438 eitra
993 1367 1196 1462 principalis

147 1505 259 1554 eausa
285 1483 534 1577 cognitionem.
586 1481 680 1554 Talis
708 1484 817 1578 igitur
841 1484 1041 1555 sententiae'
1054 1509 1128 1558 non
1152 1487 1197 1556 sit

147 1608 246 1670 tanta
264 1599 325 1682 vis,
344 1607 477 1691 quanta
493 1599 531 1670 in
548 1599 740 1671 definitiva.
793 1598 890 1671 Nam
907 1623 952 1672 ea
967 1600 1042 1674 lata
1058 1624 1197 1696 semper

145 1726 264 1810 potest
290 1716 446 1787 revocari
473 1737 537 1808 per
559 1715 730 1807 judicem,
755 1716 821 1787 nisi
852 1739 916 1810 per
945 1739 1026 1788 eam
1049 1719 1196 1812 jusserit

145 1842 282 1925 partem
322 1831 425 1902 alteri
459 1830 594 1924 aliquid
627 1832 814 1903 restituere
847 1831 905 1904 vel
939 1832 1035 1904 dare.
1097 1833 1196 1906 Tunc

145 1950 241 2020 enim
255 1950 370 2041 judex
388 1970 467 2019 cam
485 1970 651 2019 revocare
668 1971 739 2018 non
757 1956 886 2040 potest,
904 1948 988 2040 quia
1004 1949 1196 2022 definitive

145 2067 298 2158 speciem
325 2064 455 2147 habet3
481 2072 523 2134 ut
547 2087 629 2135 oum
656 2061 817 2157 propter¹
843 2065 1116 2150 contumaciam,
1132 2067 1196 2138 ali·

145 2206 216 2276 que
240 2204 319 2275 pars
344 2180 446 2252 alteri
472 2181 730 2252 condemnatur
753 2182 791 2251 in
817 2181 982 2274 expensis
1007 2180 1195 2267 solvendis,

144 2308 207 2370 aut
233 2299 262 2368 si
280 2298 428 2397 jusserit
451 2295 670 2390 expoliatum
694 2297 834 2368 restitui
862 2297 899 2367 in
927 2299 1197 2389 possessionem,

136 2416 347 2507 priusquam
366 2414 577 2505 procedatur
593 2413 630 2482 in
647 2413 825 2504 petitorio.
856 2410 959 2483 Idem
976 2416 1196 2486 censendum

145 2538 200 2600 est
227 2529 272 2597 de
301 2527 466 2598 omnibus
496 2528 765 2620 exceptionibus
793 2530 1049 2623 peremptoriis.
1115 2530 1195 2603 Nisi

145 2646 239 2715 enim
258 2644 330 2714 lete
347 2644 392 2714 de
410 2646 461 2714 eis
484 2646 661 2715 sententia
683 2644 785 2714 firme
801 2645 1002 2728 haberetur,
1021 2655 1059 2716 at
1079 2647 1193 2739 judici

145 2761 278 2844 liceret,
305 2762 444 2852 quoties
470 2760 520 2830 illi
549 2763 660 2831 visum
688 2770 791 2843 esset,
817 2784 895 2831 eam
923 2785 1099 2844 revocare,
1118 2772 1194 2834 tum

144 2881 279 2949 incerta
312 2878 504 2948 admodum
540 2885 633 2947 esset
676 2878 869 2971 progressio
903 2878 948 2948 ad
991 2880 1193 2973 principalis

143 3018 257 3065 causes
283 2995 508 3063 decisionem.

397 3207 472 3292 Cap.
491 3228 520 3292 9.
545 3207 595 3270 Dc
608 3206 755 3271 sententia
769 3204 940 3293 definitiva.

196 3349 395 3440 Impensius
424 3370 507 3416 vero
541 3348 578 3416 in
608 3347 785 3416 sententis
815 3345 998 3416 definitiva
1031 3345 1118 3437 (qua
1146 3347 1189 3416 de

143 3462 326 3556 principali
354 3485 459 3533 causa
484 3463 749 3554 pronunciatur)
768 3483 910 3553 operam
936 3463 1057 3531 navari
1075 3462 1190 3533 decer·

143 3582 270 3652 nimus.
324 3578 420 3649 Nam
445 3580 474 3648 si
497 3579 582 3670 quid
605 3601 651 3649 ex
674 3577 755 3659 illis,
777 3600 854 3668 quae
881 3578 975 3647 circa
1004 3577 1190 3649 solennita-

144 3693 238 3767 tem2
262 3707 372 3775 ectus,
391 3704 453 3765 aut
476 3719 554 3786 quse
580 3696 616 3765 in
642 3696 717 3786 ipsa
744 3694 857 3764 forma
882 3695 1051 3766 orationis
1076 3695 1188 3766 obser·

145 3815 259 3884 venda
284 3835 360 3883 esse
379 3813 626 3903 judicavimus,
650 3811 818 3881 omissum
846 3811 903 3892 sit,
922 3820 1092 3903 tanquam
1118 3810 1188 3880 ille

143 3932 305 4025 gitimam
324 3952 401 3999 eam
421 3929 645 4018 rejiciendam
665 3951 741 3998 esse
760 3926 931 3997 volumus.

269 4082 276 4120 1
294 4080 408 4145 propter
422 4069 542 4143 aliquam
555 4088 617 4124 con.
777 4064 789 4102 ²
803 4064 1002 4123 solennitatem
1018 4085 1070 4123 om.

1217 273 1275 344 ci
