2692 4800
466 317 516 370 nn
540 318 883 374 APPELLATIONIBUS.
1122 309 1196 375 ³15

146 471 281 545 latione
298 474 511 561 eonstiterit)
528 473 692 545 volumus
708 475 847 567 judiees
867 475 1120 569 appellationes
1142 500 1197 548 re·

146 614 274 663 voeare
290 599 354 663 ant
370 591 583 663 denunciare
601 614 677 663 esse
694 591 820 663 nullas.

162 823 239 910 Gap.
252 824 305 903 48.
330 822 514 887 Puaioadua
528 822 671 909 quomodo
684 822 842 908 tityudea,
857 825 1025 910 qaiylutffl
1042 825 1177 912 appella·

511 927 589 991 ttoni
602 947 663 990 non
677 925 829 990 detulerit.

198 1065 239 1138 Si
258 1066 374 1158 judex
399 1064 559 1160 legitime
585 1064 816 1159 appellationi
842 1087 912 1135 non
939 1065 1118 1149 detulerit,
1140 1076 1196 1138 est

148 1182 367 1275 puniendus;
392 1192 430 1252 et
455 1183 483 1252 si
510 1182 700 1253 criminalia
725 1181 833 1252 fuerit
853 1204 968 1262 causa,
986 1183 1194 1276 deponetur.

148 1296 212 1369 Sin
238 1320 322 1368 vero
345 1298 468 1382 civilis,
485 1322 507 1369 a
523 1299 692 1391 superiori
713 1299 897 1370 arbitraria
920 1321 1023 1391 poena
1047 1299 1197 1371 muleta-

147 1412 253 1484 bitur.

218 1640 296 1725 Cap.
308 1659 361 1722 49.
384 1641 459 1703 Non
474 1648 516 1702 eat
530 1639 699 1702 numeraria
713 1639 819 1704 citatio
830 1640 1018 1727 pertinenia
1032 1662 1126 1706 oum

558 1739 780 1824 uppalhrtiom'a.

197 1878 241 1950 In
264 1881 507 1974 cognoscendo
525 1879 570 1951 de
591 1879 829 1973 appellatione
854 1882 1007 1973 primum
1035 1881 1193 1951 omnium

147 2020 224 2069 eaae
241 1997 431 2080 videretur,
450 2006 490 2066 ut
514 2006 632 2087 partes
655 1998 849 2068 citarentur
869 1999 913 2068 ad
929 1997 1194 2091 justificandam

147 2123 185 2185 et
201 2113 476 2207 impugnandam
494 2111 779 2205 appellationem.
823 2113 894 2184 Sed
912 2114 980 2185 hoc
998 2117 1193 2186 necessario

146 2253 217 2301 non
247 2231 445 2322 requiritur,
476 2253 557 2300 oum
588 2244 729 2322 tempus
763 2230 944 2322 praefixum
981 2231 1114 2302 habent
1148 2232 1192 2302 od

145 2346 425 2439 prosequendam
444 2344 729 2439 appellationem.

196 2463 347 2549 Quando
367 2464 491 2555 judex,
509 2486 618 2554 aquo
638 2461 888 2555 appellandum
910 2473 977 2547 est,
996 2466 1193 2557 puniendus

147 2581 253 2651 fuerit
282 2603 303 2650 a
329 2581 462 2672 jndice,
493 2580 538 2650 ad
572 2601 681 2672 quem
716 2579 785 2648 fuit
818 2588 1059 2671 provocatum,
1085 2581 1193 2653 debet

147 2697 265 2769 citari:
293 2699 377 2789 quin
401 2708 439 2768 et
460 2698 488 2767 ai
506 2695 613 2777 volet,
630 2695 784 2766 assidere
801 2695 915 2786 judici
938 2699 1107 2790 superiori
1131 2722 1194 2791 po·

147 2815 241 2895 terit,
259 2814 344 2883 dum
371 2836 512 2884 oausam
529 2836 550 2883 a
568 2835 606 2882 se
621 2812 819 2904 judicatam
846 2821 1026 2896 retractat,
1045 2815 1191 2905 nequid

146 2931 181 3001 in
200 2931 275 3021 ejus
293 2929 538 3021 praejndioium
555 2930 628 2998 fiat.

155 3169 233 3256 (lep.
249 3190 301 3255 50.
324 3169 428 3234 Judeu
445 3192 466 3233 a
481 3192 538 3255 quo
559 3168 745 3255 appellatum
766 3178 807 3232 eet
828 3189 887 3232 non
904 3169 1056 3255 punietur
1069 3191 1090 3234 α
1104 3191 1192 3256 aupa-

302 3273 391 3352 nort,
407 3274 470 3338 nial
489 3275 610 3349 niutan
626 3282 653 3336 et
666 3272 718 3336 illi
731 3272 876 3337 arridebit
895 3272 930 3335 in
947 3294 1041 3337 aunan

430 3376 635 3451 retractanda,
650 3376 679 3439 ri
693 3375 906 3459 nirumsuert't.

195 3512 346 3597 Quando
370 3515 494 3607 judex,
524 3514 569 3584 ad
595 3535 700 3605 quern
731 3511 949 3606 appellatum
975 3524 1039 3595 eat,
1066 3514 1192 3587 definit

144 3638 269 3701 eontra
301 3632 512 3701 sententiam
548 3630 721 3700 inferioris
748 3630 879 3722 judicis
909 3639 1054 3721 propter
1084 3656 1192 3704 novas

144 3746 297 3817 rationes
314 3770 429 3818 coram
449 3748 525 3840 ipso
542 3745 675 3826 allatas,
694 3767 772 3837 quae
790 3745 826 3813 in
843 3745 948 3837 priori
966 3746 1102 3836 judicio
1120 3771 1190 3818 non

145 3863 289 3934 fuerunt
322 3865 474 3958 agitata,
500 3887 569 3932 non
600 3860 809 3953 simpliciter
835 3860 929 3930 dicet
955 3862 991 3930 in
1015 3865 1191 3935 sententia

143 3979 345 4050 inferiorem
366 3980 524 4071 judicem
556 3977 647 4047 nrale
666 3977 853 4068 judicasse,
880 3976 941 4046 sed
968 3999 1050 4046 cum
1075 3978 1191 4070 adjec-

145 4095 241 4165 tione
267 4095 312 4164 ob
333 4094 513 4164 defectum
539 4093 797 4187 probationum,
815 4117 891 4184 quar
914 4102 990 4162 tum
1018 4116 1089 4164 non
1116 4095 1191 4165 fue-

144 4222 227 4280 runt
244 4212 415 4283 adduotn.

612 4305 620 4349 ¹
634 4312 721 4385 Juate.
