2692 4800
404 309 453 359 nn
477 308 684 373 scansurus,
710 287 776 359 &c
802 312 931 384 c.1-3.
1122 296 1193 372 119

188 530 266 616 Gap.
279 550 329 595 10.
354 530 403 594 Da
418 529 638 595 conditionibus
654 530 908 595 admittendorum
922 531 1151 617 discensionem.

197 669 334 741 Nullus
357 693 445 763 puer
464 671 501 740 in
518 671 674 742 scholam
697 673 895 765 recipiatur,
915 675 974 765 qui
998 697 1069 744 non
1086 676 1197 767 possit

148 787 302 883 Anglice
322 789 481 881 apprime
502 787 630 882 legere,
647 798 755 880 atque
772 789 1025 860 catechismum
1043 789 1197 885 Anglice

148 905 286 975 editum
309 904 515 974 memoriter
537 904 693 986 recitare,
712 913 819 994 atque
841 927 944 975 suum
965 929 1094 976 nomen
1118 930 1196 999 pro·

148 1023 224 1115 pria
240 1042 349 1091 manu
367 1019 528 1090 scribere.
556 1018 651 1089 Puer
668 1020 754 1089 item
773 1021 832 1111 qui
852 1043 921 1090 non
940 1019 1047 1092 habet
1064 1045 1195 1092 novum

126 1138 418 1208 >Testamentum
444 1134 638 1229 Anglicum
664 1158 709 1205 ne
735 1136 966 1219 admittatur3
998 1159 1080 1207 nam
1106 1137 1197 1208 ludi-

147 1254 316 1348 magister
341 1275 463 1323 ourare
485 1252 604 1335 debet,
625 1261 665 1321 ut
688 1252 871 1323 dominicis
892 1253 1017 1323 diebus
1037 1255 1074 1323 iu
1095 1276 1138 1323 eo
1159 1276 1196 1324 se

147 1371 248 1464 pueri
273 1371 319 1441 ad
348 1391 479 1440 aunum
510 1378 709 1439 exerceant.
767 1367 871 1452 Quod
902 1370 997 1440 idem
1024 1371 1087 1441 liet
1116 1382 1197 1463 post

146 1509 281 1558 annum
328 1487 367 1556 in
412 1508 503 1555 novo
547 1484 775 1555 Testameuto
818 1483 947 1555 Latine
988 1487 1194 1579 conscripto.

147 1604 279 1675 Cetera
305 1626 389 1673 vero
416 1602 461 1672 de
492 1601 743 1696 ludimagistris
771 1609 808 1670 et
838 1624 1026 1692 puerorum
1053 1603 1196 1693 iustitu-

147 1721 247 1790 tione
264 1743 286 1790 a
303 1719 446 1789 statutis
470 1718 629 1790 ecclesiae
651 1717 860 1788 cathedralis
883 1727 1060 1811 petantur,
1081 1720 1110 1789 si
1128 1742 1198 1811 qna

146 1837 196 1907 ibi
214 1837 299 1920 sint,
316 1835 423 1906 modo
441 1835 495 1904 his
512 1834 638 1904 nostris
656 1833 792 1928 legibus
808 1856 878 1902 non
896 1844 1112 1927 repugnent.-

254 2281 325 2353 DE
351 2280 655 2364 ACADEMIIS,
682 2280 744 2351 ET
770 2281 987 2353 PRIMUM
1015 2283 1086 2355 DE
1204 2313 1245 2382 57

320 2380 608 2485 sennensis
634 2412 1023 2486 consanronuu.

614 2609 690 2694 (lap.
707 2629 733 2672 1.

199 2733 337 2805 Curent
360 2734 566 2804 fundatores
589 2742 629 2803 nt
655 2732 811 2826 praefecti
838 2735 984 2826 posthac
1010 2736 1081 2805 sint
1103 2759 1197 2826 prea-

144 2852 274 2946 byteri,
293 2873 484 2943 veramque
510 2850 718 2944 religionem
745 2849 876 2933 colant,
903 2859 941 2921 et
967 2873 1086 2921 sanam
1114 2852 1198 2923 doc·

146 2969 280 3040 trinam
316 2969 480 3038 omnibus
511 2968 626 3038 modis
655 2966 881 3060 amplificent,
912 2976 951 3039 et
985 2990 1198 3060 unoquoque

146 3108 243 3156 anuo
270 3084 398 3179 singuli
425 3083 669 3178 praefectorum
692 3085 729 3153 in
747 3083 896 3154 ccclesia
912 3084 1101 3154 academiae
1119 3107 1198 3177 pro-

147 3203 226 3296 pria
242 3202 432 3295 aliqnando
451 3202 714 3272 concionentur.

148 3397 228 3484 Gap.
242 3416 270 3462 2.
286 3398 335 3462 Da
341 3395 424 3480 justo
438 3395 682 3460 eclolaaimrum
695 3418 819 3459 numero
834 3395 868 3458 in
883 3395 1016 3479 collegiis
1029 3396 1194 3460 retinendo.

200 3526 499 3600 Scholasticorum
539 3527 759 3619 praescriptus
797 3550 966 3597 numerus
1000 3549 1021 3597 a
1054 3528 1196 3598 statutis

147 3668 222 3718 non
246 3645 499 3714 imminuatur:
526 3643 587 3735 qni
614 3652 745 3726 tamen,
764 3643 792 3712 si
815 3642 956 3735 quando
973 3642 1030 3713 vel
1048 3667 1195 3714 aunonae

146 3761 259 3832 nimia
275 3758 496 3843 difficultate,
510 3757 567 3827 vel
585 3756 653 3827 alia
671 3759 833 3850 quapiam
856 3759 1067 3830 necessitate
1084 3762 1196 3830 maxi-

146 3903 210 3950 ma
226 3877 368 3948 retineri
387 3899 458 3947 non
477 3876 618 3967 poterit,
635 3884 794 3946 attamen
813 3877 848 3944 in
867 3875 1067 3971 theologica
1087 3876 1195 3948 facul·

146 4004 226 4067 tate
242 3995 388 4066 omnino
405 3992 531 4086 plenus
549 4000 586 4063 et
603 3993 741 4087 integer
757 4002 926 4063 servetur.

285 4191 360 4277 Gap.
373 4210 404 4276 3.
429 4188 678 4254 &nessiorum
691 4187 870 4274 asloncia
883 4197 1062 4254 conseatur.

201 4323 271 4408 Qui
306 4322 494 4416 theologiae
527 4330 590 4391 aut
624 4319 701 4390 aliis
734 4319 920 4413 generibus
954 4320 1192 4391 doctrinarum

146 4446 234 4510 sunt
250 4439 390 4522 addicti,
409 4439 437 4509 si
465 4437 634 4509 lectiones
659 4435 703 4506 ad
729 4457 828 4506 suam
852 4434 1063 4509 facultatem
1084 4439 1195 4532 nerti-
