2692 4800
510 314 557 363 nu
583 313 828 364 runenrroun.
1143 299 1190 372 79

144 468 410 562 impensiusque
435 465 663 561 indulgeatur
685 491 765 537 curn
786 466 890 560 plene
916 491 954 539 se
980 491 1049 539 non
1074 471 1194 561 potuit

144 606 301 678 purgare.
356 582 569 675 Quanquam
605 585 700 654 enirn
736 585 770 652 in
807 585 861 653 his
895 584 1060 655 omuibus
1090 584 1195 679 culpa

144 700 433 794 deprehenditur,
459 709 579 771 tamen
606 711 647 771 ut
674 711 909 793 peccatorum,
935 702 986 772 ita
1011 725 1194 795 poenamm

145 819 269 914 gradus
286 818 459 888 constitui
476 817 620 888 debent.

362 1021 440 1106 (lap.
457 1022 503 1084 18.
529 1020 683 1099 Quantum
697 1018 811 1103 ficiat
818 1018 978 1103 purgatio.

192 1146 264 1230 Qui
285 1145 534 1239 purgationem
552 1141 755 1214 inchoatam
773 1153 810 1212 et
829 1153 965 1213 curtam
991 1143 1147 1227 adducit,
1165 1145 1193 1214 si

147 1284 250 1333 eausa
273 1261 321 1331 sit
339 1260 489 1339 haeresis,
507 1282 576 1328 non
596 1260 717 1328 statim
735 1258 837 1328 illurn
862 1259 905 1328 ad
924 1257 1044 1328 civiles
1067 1261 1195 1352 magis-

147 1389 260 1450 tratus
284 1387 426 1471 oportet
451 1377 573 1470 abripi,
593 1378 758 1468 quoniam
777 1377 979 1469 hujusmodi
998 1377 1194 1459 destitutio,

146 1495 378 1589 praesumptio
402 1503 465 1563 aut
489 1494 736 1586 praejudicium
757 1495 999 1585 potiusquam
1019 1494 1195 1585 judicium

146 1621 208 1695 est,
228 1620 268 1681 et
294 1633 364 1681 non
384 1610 555 1679 directam
574 1611 773 1691 veritatem,
799 1608 860 1678 sed
885 1609 1063 1701 obliquam
1087 1608 1196 1680 habet

144 1726 444 1823 probabilitatem.

239 1922 317 2007 Cap.
337 1941 385 2003 19.
410 1921 563 2005 Defensor
577 1919 699 2005 quondo
712 1918 753 1983 sit
767 1917 906 2005 deuefiuu'o
916 1919 1101 2005 privandus.

196 2038 239 2114 Si
264 2043 342 2135 quis
368 2065 413 2113 ex
439 2042 675 2113 ecclesiastiea
699 2050 805 2123 secta,
824 2063 905 2110 eum
932 2041 1077 2112 adversa
1103 2042 1198 2112 fama

142 2161 297 2243 laboret,
315 2181 353 2230 se
370 2183 520 2254 purgare
538 2159 656 2240 debet,
675 2157 913 2228 ecclesiastico
931 2157 1103 2229 beneficio
1125 2181 1197 2228 non

144 2277 372 2359 excludatur,
404 2278 516 2347 donec
547 2275 787 2345 defensionem
823 2275 1029 2346 instituerit.
1082 2275 1125 2346 ln
1155 2299 1198 2348 ea

147 2418 232 2467 vero
259 2393 288 2465 si
314 2392 496 2474 defecerit,
518 2399 596 2460 turn
623 2391 766 2460 demum
793 2389 845 2459 illi
871 2391 1083 2463 beneficium
1109 2394 1197 2486 eripi

146 2521 277 2605 potest,
295 2510 323 2581 si
342 2510 477 2602 peccati
496 2508 704 2603 magnitudo
718 2514 853 2577 tautam
873 2531 1013 2600 poenam
1032 2511 1196 2602 requirat.

176 2733 256 2817 (lap.
274 2751 326 2797 20.
347 2732 451 2796 Judeu
458 2729 663 2818 purgantibus
676 2750 707 2792 se
715 2738 813 2814 potest
827 2729 995 2815 adunando
1009 2729 1172 2796 subvenire.

198 2855 291 2928 Cum
327 2879 469 2948 pauper,
505 2855 663 2935 obscura,
700 2852 755 2922 vel
791 2854 912 2947 ignota
946 2877 1094 2947 persona
1127 2880 1198 2926 non

149 2984 268 3067 potest
291 2973 376 3043 satis
399 2972 538 3064 copiose
556 2971 799 3041 defensionem
817 2971 1002 3054 instruere,
1014 2973 1137 3064 judex,
1160 2983 1200 3044 et

149 3090 302 3161 hominis
324 3099 362 3159 et
386 3111 499 3159 causae
521 3087 723 3158 conditione
742 3096 935 3180 perspecta,
955 3097 1073 3181 potest
1096 3088 1199 3161 illum

150 3207 344 3277 sublevare.
397 3203 495 3275 Nam
523 3214 585 3274 aut
613 3205 795 3296 pauciores
824 3206 915 3275 viros
945 3216 1008 3276 aut
1038 3206 1200 3278 foeminas

144 3323 270 3416 judex,
297 3323 326 3392 si
354 3320 451 3398 velit,
478 3320 656 3401 admittet,
688 3329 750 3389 aut
783 3320 890 3391 etiam
922 3321 998 3393 solo
1033 3322 1080 3393 rei
1102 3323 1201 3416 jura-

151 3449 275 3509 mento
293 3445 483 3507 contentus
500 3458 576 3506 esse
593 3435 736 3528 poterit.

263 3609 341 3696 Gap.
358 3630 404 3678 12.
432 3607 665 3694 Superstitiosus
672 3610 873 3695 purgatiores
891 3632 950 3674 uon
965 3611 1069 3676 calere.

202 3733 380 3819 Quoniam
409 3741 581 3825 quantum
613 3731 697 3803 licet
728 3734 915 3805 veritatem
946 3744 1202 3821 consectamur,

153 3850 214 3922 illa
231 3851 344 3943 prisca
361 3849 575 3920 defensionis
600 3850 759 3920 remedia
781 3874 851 3921 non
875 3851 1106 3933 admittimus,
1124 3876 1202 3945 qua

154 3967 289 4037 ratione
313 3974 350 4035 et
373 3964 624 4057 probabilitate
650 3990 720 4036 non
744 3967 918 4049 nituntur,
941 3966 1003 4038 scd
1025 3968 1062 4037 in
1081 3991 1203 4041 omncs

155 4091 271 4176 partes
293 4105 392 4175 aque
409 4083 643 4176 propendent,
661 4093 699 4153 et
711 4083 872 4154 ‘insontes
890 4083 1099 4178 plerumque
1121 4109 1204 4157 cou-

155 4199 331 4280 demnant,
350 4221 391 4269 ac
409 4208 529 4269 sontes
547 4197 759 4281 absolvunt;
777 4198 895 4290 qualia
912 4210 995 4272 sunt
1012 4202 1203 4296 singularia

155 4316 356 4399 certamina,
376 4314 541 4399 flammae,
560 4315 693 4385 forrum
713 4314 878 4398 candens,
896 4314 952 4386 vel
970 4317 1202 4391 effervescens
