2692 4800
149 256 196 324 24
383 273 432 324 nr
448 273 604 325 runicus
621 271 767 324 conans
783 271 961 322 nsansrs.
1211 271 1280 320 ca

146 427 281 509 erroris,
300 435 338 496 et
355 428 448 497 foras
465 426 510 496 ad
528 424 797 495 multitudinem
816 431 968 495 emanet.
1022 420 1234 492 preteream

92 620 96 626 ,
147 544 208 635 qui
233 550 377 635 propter
401 543 533 612 crimen
561 540 705 612 haeresis
729 541 765 609 in
785 540 962 632 judicium
990 562 1012 609 a
1037 537 1197 633 legitimo

142 659 266 751 judice
284 667 430 728 vocatus
454 658 571 738 fuerit,
589 658 618 727 si
642 655 810 750 negligat,
828 664 866 726 et
888 655 997 726 animi
1014 662 1200 726 coutuma-

148 775 203 845 cia
236 797 307 844 non
342 773 496 843 adfuerit
530 775 568 843 in
598 784 768 865 tempore,
801 773 954 865 primum
989 771 1028 842 in
1058 793 1199 864 poenaur

148 890 528 962 excommunicationis
561 891 739 959 incurrat:
783 888 911 958 deinde
937 888 1197 979 quamprimum

148 1006 354 1097 investigari
376 1005 534 1097 potuerit
557 1004 602 1075 ab
626 1004 812 1085 ordinarie,
829 1012 868 1074 et
893 1001 1076 1094 prehendi,
1093 1003 1199 1098 conji-

149 1123 265 1192 ciatur
294 1123 332 1190 in
360 1143 550 1204 carcerem,
579 1121 695 1191 donec
722 1118 919 1212 locupletes
948 1118 1200 1211 interposuerit

146 1238 379 1328 fidejussores,
398 1236 495 1327 quod
507 1237 581 1327 juri
598 1245 693 1306 stare
710 1233 808 1304 velit.
852 1234 945 1305 Cum
963 1256 1049 1304 vero
1066 1235 1200 1306 crimen

147 1352 292 1424 haeresis
318 1374 380 1445 per
401 1353 666 1444 inquisitionem
701 1361 765 1421 aut
795 1349 1036 1444 evangelicam
1065 1351 1201 1423 denun-

149 1469 341 1540 ciationem
371 1469 543 1561 procedit,
572 1470 777 1538 summatim
805 1475 990 1551 tractatur,
1018 1465 1121 1538 siue¹
1148 1490 1201 1540 so-

150 1585 259 1655 lemni
277 1607 394 1655 rerum
413 1585 456 1655 ad
469 1584 606 1676 judicia
622 1584 879 1677 pertinentium
896 1592 1080 1676 apparatu.

359 1857 437 1943 (lap.
453 1878 485 1943 3.
508 1859 557 1922 Dc
570 1857 721 1923 hereticis
735 1855 990 1944 rmpahccstidus.

202 1994 366 2088 Cumque
397 1998 517 2068 omnia
547 1997 680 2067 fuerint
710 1997 747 2066 in
778 2004 967 2089 utramque
997 1994 1202 2088 partemin

143 2113 282 2208 judicia
311 2115 505 2207 disputata,
534 2115 607 2185 sive
641 2136 722 2184 reus
755 2113 863 2183 fuerit
896 2112 1094 2193 convictus,
1130 2111 1202 2182 sive

150 2230 285 2301 crimen
308 2231 383 2323 ipse
406 2231 629 2312 confiteatur,
647 2231 801 2323 primum
819 2227 1064 2299 admonendus
1090 2236 1203 2298 estut

151 2347 197 2417 ab
215 2370 331 2417 errore
348 2347 495 2418 desistat
509 2370 519 2430 ;
536 2348 632 2439 quod
650 2348 680 2417 si
697 2346 874 2416 facturum
891 2366 928 2415 se
945 2342 1202 2438 sposponderit,

146 2465 356 2557 juramento
383 2485 422 2534 se
448 2463 493 2532 ad
521 2462 556 2532 id
584 2463 766 2556 astringet.
818 2460 960 2531 Deinde
984 2460 1203 2552 poenitentia

154 2579 290 2648 fructus
317 2578 412 2661 edet,
430 2589 467 2648 et
490 2578 541 2649 ita
563 2578 707 2648 demum
726 2577 951 2657 dimittetur3
986 2574 1055 2645 hoc
1081 2583 1202 2645 tamen

152 2695 299 2786 proviso,
311 2694 461 2764 fratrum
474 2705 515 2764 ut
533 2694 717 2765 offensioni
733 2694 867 2784 (siquae
884 2692 1016 2783 fuerit),
1030 2698 1202 2783 quantum

154 2809 191 2877 in
209 2831 247 2878 se
265 2818 330 2891 est,
349 2811 545 2891 medeatur,
564 2819 602 2880 et
620 2809 748 2901 quibus
771 2811 808 2878 in
827 2806 913 2878 loeis
937 2828 1090 2877 errorem
1107 2807 1203 2899 prius

155 2924 406 3007 disseminavit,
425 2927 461 2993 in
480 2927 612 2994 eisdem
632 2923 773 3018 publice
792 2924 947 2994 fateatur
963 2945 1002 2992 se
1023 2922 1059 2991 in
1076 2920 1202 2993 haeresi

155 3048 333 3110 versatum
348 3063 433 3111 esse.
459 3040 564 3124 Quod
583 3043 611 3110 si
630 3063 729 3110 suam
747 3041 791 3110 ad
806 3038 965 3110 haeresim
977 3038 1204 3131 pertinaciter

153 3155 351 3237 adheserit,
366 3158 578 3226 amandetur
593 3157 799 3247 aliquandiu
817 3157 861 3227 ad
879 3155 1041 3227 homines
1058 3156 1205 3226 scientia

153 3271 329 3362 praeditos,
348 3272 408 3363 qui
427 3270 526 3340 illum
545 3271 581 3340 in
601 3273 694 3340 viam
712 3293 877 3341 revocare
903 3269 1050 3363 possint.
1103 3268 1154 3341 Et
1176 3270 1203 3342 si

155 3384 297 3456 illorum
321 3383 512 3479 persuasu2
534 3386 711 3457 sententia
736 3386 895 3467 decedat,
916 3386 1124 3477 juramento
1153 3387 1203 3457 in·

155 3501 326 3593 terposito
344 3501 439 3591 quod
457 3500 620 3570 haeresim
636 3498 723 3570 velit
740 3498 948 3591 relinquere,
967 3499 1110 3572 liberari
1126 3512 1204 3596 pot·

157 3624 224 3697 est,
251 3614 313 3685 illa
336 3638 476 3707 semper
497 3616 650 3707 repetita
672 3616 875 3685 conditione
899 3638 1006 3708 quam
1028 3627 1115 3688 ante
1143 3639 1203 3710 po-

156 3731 302 3814 suimus,
322 3732 490 3799 nimirum
514 3741 554 3799 ut
577 3731 798 3822 poeniteutiae
823 3739 920 3801 certa
942 3733 1043 3825 sigua
1065 3734 1201 3817 det,›ao

157 3848 331 3918 contraria
361 3848 523 3918 doctrina
548 3846 673 3916 fratres
708 3849 744 3916 in
775 3845 845 3916 illis
872 3847 958 3917 loeis
986 3849 1136 3933 erudiat,
1166 3849 1200 3919 in

157 3962 285 4054 quibus
303 3984 362 4033 eos
379 3962 475 4053 prius
494 3962 616 4032 haeresi
636 3962 952 4032 contaminaverat.

364 4220 374 4265 1
391 4223 458 4280 sive.
803 4219 815 4256 ²
829 4243 1002 4299 persuasum.
