2692 4800
475 322 524 373 nu
549 321 688 373 munus
713 321 876 374 cuncus.
1152 308 1198 384 91

145 479 473 551 commonefaciant
502 489 545 548 ut
577 478 622 548 ad
652 478 688 548 id
724 501 761 548 se
795 486 1001 570 praeparent.
1064 477 1135 547 Sed
1166 478 1255 555 iu44

147 597 447 689 frequentissimis
469 605 507 666 et
532 594 769 667 celeberrimis
793 595 947 677 urbibus,
969 594 1031 665 ubi
1055 617 1204 689 magnus

148 723 204 785 est
230 713 478 806 parochiarum
509 733 685 794 numerus,
714 721 752 782 et
781 713 993 783 immensum
1022 713 1205 784 intereas

150 825 390 908 intervallum,
421 834 459 896 et
492 824 613 919 spissae
643 823 854 918 populorum
888 833 1050 911 catervae,
1084 847 1205 919 pome-

149 944 295 1015 ridianis
323 940 389 1015 ibi¹
417 943 645 1016 concionibus
674 953 819 1037 propter
843 942 1085 1037 parochiarum
1117 944 1205 1015 situs

150 1069 188 1130 et
206 1058 393 1130 homiuum
411 1060 664 1132 abundantiam
681 1059 799 1130 locum
817 1061 1055 1132 concedimus.

374 1269 453 1355 (lap.
466 1286 496 1356 7.
518 1273 569 1336 Dc
581 1293 664 1336 cocu
680 1272 812 1337 Domini
825 1272 980 1338 mmoadu.

200 1409 285 1483 Hoc
319 1413 387 1482 erit
415 1413 576 1483 omnium
610 1413 839 1485 ecclesiarum
871 1436 1072 1498 commune,
1098 1416 1204 1507 quod,

150 1529 218 1599 nisi
245 1529 362 1622 gravis
384 1529 503 1622 aliqua
525 1552 631 1601 causa
656 1528 774 1602 aliud²
800 1530 967 1625 postulet,
989 1529 1108 1602 coeua³
1132 1529 1206 1602 Do-

150 1644 259 1715 mini‘
281 1643 396 1717 solum
434 1645 470 1715 iu
504 1646 687 1717 dominicis
727 1647 852 1718 diebus
885 1655 924 1719 et
961 1647 1006 1717 ad
1048 1646 1204 1739 aliquam

150 1761 301 1833 Domini
325 1761 502 1855 propriam
525 1762 732 1833 memoriam
756 1763 998 1856 spectantibus
1023 1773 1205 1848 sumetur;

151 1885 191 1948 et
219 1900 287 1949 nec
313 1900 357 1948 eo
384 1878 527 1971 quidem
556 1886 716 1970 tempore
743 1879 885 1971 procedi
909 1879 1065 1962 sinimus,
1093 1880 1205 1952 donec

150 1993 335 2088 legitimus
357 2015 525 2065 numerus
548 2016 586 2064 se
612 1993 783 2066 obtulerit
805 1993 959 2079 illorum,
980 1996 1040 2089 qui
1059 1997 1205 2068 Domini

151 2134 263 2181 coenae
295 2110 485 2205 participes
519 2119 634 2182 erunt.
695 2110 766 2196 Qui
801 2134 885 2182 vero
919 2113 1204 2184 communionem

150 2228 335 2321 accepturi
361 2236 454 2311 sunt,
477 2228 589 2322 pridie
615 2227 747 2298 debent
776 2229 812 2297 in
839 2230 1024 2322 praesentia
1053 2230 1204 2302 ministri

151 2368 192 2415 se
226 2342 410 2427 collocare,
437 2351 579 2436 tempus
609 2351 650 2412 ut
679 2366 818 2415 sumere
848 2345 958 2437 possit
992 2345 1037 2415 ad
1067 2347 1204 2416 excuti-

150 2461 262 2532 endas
286 2458 428 2530 illorum
454 2457 698 2540 conscientias,
724 2467 762 2529 et
787 2481 869 2528 cum
896 2457 965 2529 illis
990 2468 1031 2528 ut
1056 2469 1150 2553 agat,
1173 2462 1202 2533 si

140 2576 239 2671 ‚quid
261 2576 305 2647 ab
327 2575 398 2647 illis
423 2575 582 2669 improbe
605 2573 663 2645 vel
688 2572 896 2668 suspiciose⁴
915 2584 1057 2670 gestum
1082 2578 1203 2665 firerit,

150 2696 190 2764 in
222 2715 294 2785 quo
325 2689 496 2762 Ecclesiae
526 2691 724 2761 communis
755 2691 873 2784 aliqua
902 2691 1009 2763 fuerit
1037 2692 1202 2767 offensio:

150 2807 284 2879 deinde
309 2807 415 2878 fidem
442 2807 550 2877 etiam
581 2804 723 2880 illorum
750 2805 923 2899 exploret,
949 2815 992 2877 ut
1017 2807 1075 2877 vel
1100 2811 1204 2881 insci·

152 2925 243 2996 tiam
267 2922 408 2995 illorum
435 2924 599 3018 corrigat,
617 2924 672 2995 vel
699 2924 959 2995 contumaciam
986 2933 1128 3006 terreat,
1147 2924 1204 2998 vel

152 3040 414 3111 dubitationem
457 3039 653 3110 confirmet.
723 3039 820 3110 Nam
860 3040 905 3111 ad
945 3049 1205 3113 sacrosanctam

152 3156 301 3226 Domini
337 3178 496 3226 mensam
529 3178 635 3228 nemo
665 3156 774 3228 debet
808 3158 949 3239 assumi,
984 3158 1084 3249 cujus
1118 3160 1205 3231 fides

152 3273 319 3344 omuibus
344 3273 503 3365 partibus
528 3273 686 3366 perfecta
711 3296 782 3343 nou
807 3274 865 3344 sit.
917 3273 1045 3367 ltaque
1071 3277 1099 3346 si
1127 3278 1205 3370 quis

152 3411 201 3459 ex
232 3387 313 3472 illis,
338 3390 399 3481 qui
429 3411 468 3460 se
497 3390 542 3460 ad
571 3389 717 3460 Domini
746 3411 907 3461 mensam
936 3401 1142 3483 preparant,
1169 3393 1206 3462 iu

152 3503 272 3597 aliqua
296 3504 476 3598 religionis
501 3515 602 3597 parte
625 3505 778 3588 vacillet,
797 3516 861 3578 aut
887 3508 1103 3578 conscientia
1127 3532 1206 3580 sau-

152 3617 287 3692 ciatus⁵
317 3623 374 3704 sit,
401 3620 553 3692 liberum
587 3623 724 3694 aditum
755 3623 800 3727 ad
830 3624 1027 3696 ministrum
1066 3624 1206 3711 habeat,

151 3745 192 3808 et
217 3735 263 3807 ab
288 3734 350 3807 illo
375 3736 652 3808 consolationem
680 3747 716 3809 et
744 3737 957 3809 levationem
985 3741 1206 3833 aegn'tudinis

150 3852 281 3946 capiat,
297 3861 335 3922 et
360 3853 389 3924 si
416 3851 520 3946 plene
545 3875 583 3924 se
609 3854 769 3925 ministro
792 3853 1004 3945 probaverit,
1027 3851 1205 3928 crimiue⁶‚

148 3969 178 4040 si
204 3989 294 4061 opus
316 3966 435 4051 fucrit,
453 3967 620 4039 solvatur.

236 4161 243 4200 ¹
261 4164 299 4222 ibi
315 4185 368 4223 cm.
573 4156 586 4195 ²
600 4167 676 4225 uliud
690 4187 742 4224 om.
916 4177 929 4215 ³
942 4187 1063 4226 coenam.

232 4263 469 4339 ‘superstitiose
572 4257 731 4324 ‘sauciata
915 4257 1058 4323 ⁶crimiue
1072 4287 1124 4325 our.
