2692 4800
146 280 218 346 154
502 295 550 346 ua
574 292 831 345 rnsrssmurrs.

279 543 356 631 cap.
368 564 421 626 41·
447 544 668 609 scommatum
681 542 819 609 mcum
834 540 957 630 impios·
969 541 1065 609 m.

195 681 346 767 Quando
371 689 626 753 testamentum
649 704 712 774 pro
734 680 833 751 nullo
858 680 998 775 capitur
1019 689 1060 752 et
1083 681 1193 753 facul·

145 807 238 870 tates
267 798 516 870 distribuenda
550 797 707 868 suntab
740 796 1098 884 administratoribus,
1127 799 1194 871 boe

145 938 167 987 a
187 916 309 1008 judice
337 914 445 986 debet
475 937 614 986 summe
640 914 825 1007 provideri,
851 921 991 986 tantam
1017 922 1062 986 ut
1087 922 1196 987 testa·

146 1033 232 1103 toris
264 1031 394 1102 habeat
428 1031 620 1102 voluntatis
660 1032 847 1114 rationem,
875 1038 1012 1122 quanta
1048 1032 1195 1104 omuino

145 1150 303 1219 maxima
331 1170 408 1219 esse
435 1155 564 1241 potest.
621 1146 832 1239 Quanquam
862 1147 958 1217 enim
992 1145 1195 1242 legitimum

146 1285 218 1334 non
241 1264 349 1335 suerit
371 1271 635 1345 testamentum,
658 1271 778 1334 tamen
802 1261 922 1358 legum
947 1261 1109 1334 civilium
1132 1263 1196 1335 bu·

146 1381 354 1452 manitatem
382 1378 535 1451 libenter
561 1381 749 1472 sequimur,
777 1388 819 1450 ut
848 1379 884 1449 in
916 1379 1067 1472 propriis
1096 1378 1198 1452 bouis

146 1495 290 1567 ultimas
310 1497 493 1566 hominum
511 1495 713 1567 voluntates
735 1503 773 1566 et
788 1495 925 1587 judicia
947 1518 1132 1589 nunquam
1151 1496 1197 1567 ad

147 1634 186 1684 se
208 1615 364 1684 redituro
382 1615 569 1707 (quantum
594 1613 668 1683 lieri
692 1610 823 1704 potest)
841 1611 944 1684 firme
965 1620 1005 1683 et
1027 1613 1199 1685 inviolata

148 1750 405 1801 conservemus.

183 1949 261 2035 (lap.
271 1968 325 2030 42.
353 1947 470 2019 Quibus
485 1948 714 2014 comtum
728 1947 870 2014 botrorum
883 1949 1102 2016 committendo
1113 1949 1164 2026 sit,

422 2057 450 2116 ot
463 2050 541 2136 quid
553 2050 696 2116 mauis
709 2049 815 2115 tam
829 2048 962 2116 ductu

198 2188 348 2274 Quoties
370 2188 497 2283 aliquis
519 2191 595 2260 sine
611 2198 827 2261 testamento
847 2190 1007 2273 moritur,
1025 2190 1071 2261 ad
1089 2190 1200 2262 bono-

148 2328 227 2375 rum
253 2306 329 2399 ejus
353 2305 694 2377 administrationem
721 2328 812 2376 uxor
837 2305 951 2399 primo
977 2303 1057 2378 loco
1082 2328 1200 2379 suma·

149 2429 217 2504 tur,
241 2421 396 2493 secundo
419 2422 480 2514 qui
506 2421 718 2516 cognatione
739 2420 872 2493 fuerint
894 2422 1199 2514 propinquissimu,

149 2536 216 2618 vel,
244 2538 273 2609 si
292 2538 407 2630 judex
432 2538 498 2608 ito¹
528 2537 698 2621 censebit,
725 2560 796 2607 una
820 2544 939 2630 potest
961 2535 1042 2608 illos
1066 2537 1105 2608 in
1130 2537 1199 2609 hoc

148 2676 296 2725 munere
327 2676 409 2725 cum
436 2676 547 2725 uxore
576 2654 799 2748 conjungere.
856 2651 938 2724 Hoc
967 2661 1089 2725 tamen
1120 2676 1200 2747 per·

149 2779 258 2863 petuo
283 2779 365 2852 stet,
386 2779 428 2840 ut
453 2769 721 2863 quibuscunque
746 2768 854 2839 fuerit
878 2791 1008 2841 munus
1032 2771 1201 2842 adminis-

149 2887 311 2958 trationis
337 2886 563 2972 attributum,
583 2886 804 2981 fidejussores
832 2884 981 2957 afferant
1004 2887 1112 2979 prius,
1136 2894 1200 2958 aut

150 3003 259 3075 ctiam
282 3005 428 3099 pignora
450 3006 638 3098 deponant,
657 3003 785 3096 quibus
804 3002 909 3096 plene
930 3003 1041 3096 possit
1057 3011 1096 3074 et
1113 3002 1202 3097 legi·

151 3123 238 3192 time
261 3123 459 3216 praecaveri,
476 3122 570 3214 quod
594 3119 633 3190 in
652 3121 720 3190 hoc
740 3119 884 3212 negotio
907 3119 1044 3190 sincere
1066 3119 1140 3189 siut
1163 3129 1200 3191 et

151 3239 227 3310 sine
252 3236 325 3309 ulla
350 3239 474 3309 fraude
500 3237 705 3331 processuri,
722 3236 818 3329 quod
845 3235 1010 3306 ordinarii
1035 3237 1201 3307 omnibus

150 3355 310 3448 partibus
337 3354 619 3426 incolumitatem
642 3352 872 3447 praestabunt,
897 3360 1076 3445 postremo
1103 3351 1200 3446 quod

150 3493 268 3542 rerum
298 3479 478 3566 geptarum
512 3471 686 3542 rationem
719 3465 887 3540 reddent²
915 3467 1202 3562 quandocunque

145 3587 260 3680 judex
281 3609 359 3659 eam
377 3586 537 3681 legitime
559 3585 768 3680 poposcerit.
819 3583 926 3669 Quod
949 3584 978 3654 si
1001 3584 1094 3654 forte
1114 3607 1203 3655 non·

152 3726 333 3796 nunquam
359 3703 529 3786 evenerit,
544 3711 587 3772 ut
612 3711 756 3796 propter
780 3698 955 3793 aequalem
981 3701 1202 3795 cognationis

151 3820 450 3914 propinquitatem
486 3817 682 3889 multorum
719 3818 764 3888 ad
807 3816 995 3888 facultates
1036 3816 1202 3887 adminis-

152 3937 294 4008 trandas
316 3957 505 4007 concursus
525 3935 580 4018 sit,
599 3934 765 4027 quoniam
786 3935 823 4004 in
839 3933 981 4004 illorum
998 3933 1075 4025 pari
1098 3955 1202 4003 causa

153 4077 216 4147 par
245 4053 386 4123 videtur
408 4053 468 4144 jus
493 4051 633 4144 requiri,
659 4058 738 4120 tum
758 4051 872 4143 judex
898 4058 1067 4142 tauquam
1093 4048 1201 4118 bono·

153 4170 264 4241 rarius
296 4169 428 4241 arbiter
462 4167 562 4240 litem
598 4168 821 4250 determinet,
857 4188 991 4257 suoque
1030 4165 1198 4237 arbitratu

420 4305 427 4344 ¹
443 4307 483 4364 ita
496 4326 546 4363 om.
801 4306 814 4345 ²
828 4303 936 4362 reddet.
