2692 4800
527 299 576 350 ns
601 298 821 351 annuamus.
1150 285 1197 350 15

146 457 225 528 lmo
252 479 339 526 vero
363 454 518 549 Spiritus
542 465 686 527 sanctus
710 456 838 527 statuit
864 454 1037 548 principes
1062 464 1099 526 et
1124 477 1199 527 ma·

144 576 316 670 gistratus
342 595 418 644 esse
444 570 513 642 Dei
543 572 733 655 ministros,
754 582 795 643 ut
822 571 1016 642 benefactis
1041 573 1197 642 favorem

145 711 250 760 suum
264 689 481 782 impartiunt,
495 702 534 759 et
549 687 724 760 maleficia
740 687 919 780 suppliciis
936 687 1198 780 constringant3

146 831 224 900 quae
237 806 311 877 duo
328 807 357 877 si
376 806 480 876 rebus
497 805 661 876 humanis
678 805 852 886 abessent,
864 804 1022 874 maxima
1038 825 1199 896 sequore-

147 934 207 994 tur
223 924 385 995 omnium
403 945 520 993 rerum
539 922 710 994 confinio.

280 1149 359 1236 Oop.
375 1171 423 1231 14.
445 1152 495 1215 Do
508 1151 720 1217 communitate
735 1150 875 1217 bonorum
890 1160 918 1216 et
932 1172 1069 1216 worma.

199 1274 423 1347 Excludatur
440 1277 550 1346 etiam
575 1275 619 1346 ab
642 1276 775 1346 eisdem
794 1274 1039 1367 Anabaptistis
1055 1273 1200 1345 inducta

147 1391 325 1463 bonorum
349 1400 388 1463 et
407 1393 666 1485 possessionum
689 1393 935 1475 communitas,
953 1415 1059 1484 quam
1082 1400 1200 1462 tanto·

148 1531 239 1607 pere
264 1518 406 1602 urgent,
436 1519 478 1578 ut
508 1509 641 1578 nemini
671 1510 859 1601 quicquam
890 1507 1091 1600 relinquant
1120 1530 1200 1600 pro-

150 1627 269 1718 prium
285 1633 324 1695 et
342 1647 456 1695 suum.
509 1623 553 1694 In
572 1649 642 1718 quo
665 1624 875 1696 mirabiliter
896 1624 1099 1718 loquuntur,
1117 1647 1198 1694 oum

149 1742 248 1813 furta
270 1741 447 1835 prohiberi
471 1742 590 1812 divino
607 1742 790 1836 Scriptura
810 1751 967 1823 cernant,
985 1751 1023 1812 et
1046 1741 1200 1813 eleemo-

150 1881 255 1952 synas
272 1860 310 1928 in
327 1868 479 1952 utroque
491 1859 720 1931 Testameuto
734 1859 869 1930 laudari
884 1859 1037 1942 videant,
1050 1881 1136 1951 quas
1154 1881 1199 1928 ex

149 1976 301 2069 propriis
318 1974 547 2048 facultatibus
564 1977 693 2048 nostris
710 1976 922 2071 elargimur3
948 1998 1096 2068 quorum
1116 1997 1200 2046 sane

149 2103 319 2162 neutrum
337 2093 529 2164 consistere
546 2104 676 2185 posset,
694 2093 761 2164 nisi
779 2091 987 2163 Christianis
1007 2092 1201 2184 proprietas

151 2207 325 2279 bonomm
369 2218 407 2279 et
448 2210 705 2302 possessionum
750 2231 892 2280 suarum
932 2206 1199 2300 relinqueretur.

152 2323 355 2418 Emerguut
371 2326 478 2396 etiam
497 2348 543 2396 ex
561 2325 877 2417 Anaboptistarum
900 2324 1034 2395 lacunis
1057 2324 1200 2416 quidam

153 2438 359 2522 Nicolaitae,
377 2442 649 2533 inquinatissimi
673 2464 757 2512 sane
773 2441 946 2526 homines,
964 2440 1024 2532 qui
1042 2440 1202 2512 foemina·

151 2581 245 2643 rum,
261 2558 333 2627 imo
351 2565 388 2628 et
405 2581 558 2628 uxorum
577 2558 759 2652 disputant
782 2581 886 2629 usum
904 2581 967 2651 per
984 2580 1106 2628 omnes
1123 2580 1202 2650 pro·

152 2673 287 2744 miscue
320 2674 499 2766 pervagari
535 2672 675 2745 debere.
739 2674 828 2759 Qua
864 2674 958 2745 foeda
991 2673 1133 2744 illorum
1164 2684 1203 2746 et

153 2786 394 2859 conscelerata
419 2787 530 2860 libido
557 2790 710 2882 primum
738 2791 861 2883 pietati
887 2791 1061 2861 contraria
1086 2798 1141 2860 est
1166 2797 1205 2860 et

153 2905 260 2976 sacris
286 2903 408 2987 literis,
435 2904 563 2975 deiude
591 2928 672 2975 cum
700 2908 862 2977 universa
886 2905 981 2977 civili
1008 2906 1203 2988 honestate,

154 3029 193 3090 et
225 3019 377 3091 naturali
407 3019 469 3091 illa
502 3021 776 3115 incorruptoque
805 3025 842 3094 in
872 3023 1052 3094 mentibus
1080 3022 1234 3099 uostris8

154 3158 304 3207 accensa
321 3135 401 3207 luce
420 3136 648 3208 vehementer
665 3148 810 3234 pugnat.

177 3352 256 3438 Gap.
270 3372 321 3438 15.
349 3353 591 3438 Dojoromooro
604 3363 632 3419 et
640 3354 881 3442 participatione
895 3356 1055 3423 mmino‘ooe
1071 3358 1182 3422 Ooenco.

208 3476 386 3547 Praeterea
414 3499 480 3547 nec
502 3477 788 3569 juramentorum
815 3478 1061 3573 Anabaptistae
1090 3479 1207 3574 legiti-

155 3613 256 3662 mum
282 3591 487 3684 relinquunt
512 3616 627 3676 usum,
645 3595 682 3664 in
705 3617 776 3687 quo
799 3604 923 3666 contra
945 3594 1206 3687 Scripturarum

156 3709 371 3779 sententiam
397 3721 435 3778 et
462 3710 591 3779 veteris
615 3708 834 3781 Testamenti
866 3719 1006 3803 patmm
1033 3709 1206 3803 exempla,

158 3823 261 3896 Pauli
292 3826 401 3895 etiam
429 3825 592 3919 apostoli,
618 3827 691 3896 imo
717 3825 861 3908 Christi,
887 3827 960 3896 imo
994 3825 1064 3896 Dei
1091 3825 1206 3898 Patris

157 3943 377 4035 procedunt3
407 3964 561 4034 quorum
579 3944 784 4035 juramenta
809 3964 905 4035 saepe
931 3952 1014 4013 sunt
1039 3944 1076 4012 iu
1101 3927 1207 4015 sacris

157 4057 268 4129 literis
285 4059 449 4151 repetito„
493 4057 634 4129 Deinde
651 4059 696 4129 ab
716 4058 887 4130 Ecclesiae
905 4082 1051 4153 corpore
1068 4082 1105 4129 se
1122 4057 1205 4152 ipsi¹

157 4184 354 4270 segregant,
372 4182 410 4244 et
433 4174 478 4245 ad
499 4183 754 4246 sacrosanctam
773 4173 919 4245 Domini
942 4197 1099 4246 mensam
1125 4199 1208 4247 cum

611 4329 621 4375 ¹
638 4333 755 4408 seipsos
