2640 4806
532 266 580 315 DE
597 264 824 317 cammaris.

394 522 473 609 Gap.
484 544 515 610 3.
538 525 588 588 Do
602 522 730 588 cimice
743 542 803 586 eoa
817 521 943 586 notoria

197 660 255 731 De
275 662 421 733 crimino
441 663 470 733 si
493 686 564 755 qua
587 662 762 733 dubitatio
780 661 897 744 fuerit,
919 684 1004 732 oum
1021 683 1102 732 eam
1118 683 1187 753 pro-

146 777 349 848 bationibus
366 777 443 847 tolli
464 781 510 848 sit
526 777 773 858 necessarium,
791 786 830 848 ot
853 776 1001 869 quidam
1023 775 1105 847 luce
1125 774 1186 847 cla·

145 893 304 974 rioribus,
332 892 558 984 judiciarium
602 893 760 964 ordinem
799 893 1021 964 severissime
1067 894 1186 964 serrari

146 1007 319 1079 volumus.
372 1007 520 1078 Etenim
544 1030 640 1078 error
659 1009 696 1079 iu
720 1008 774 1079 his
798 1029 869 1078 non
887 1015 1008 1100 potest
1030 1029 1107 1078 esse
1128 1008 1185 1077 nisi

146 1124 425 1196 nocentissimus.

383 1327 459 1413 (lap.
470 1349 502 1410 4.
526 1328 575 1393 Do
589 1328 748 1393 criminali
761 1328 959 1394 αωιιωτίοπο.

194 1464 255 1537 Ad
290 1466 527 1537 accusandum
561 1466 791 1537 criminaliter
828 1490 935 1538 nemo
971 1467 1185 1549 admittatur,

144 1584 210 1654 nisi
245 1579 300 1654 se¹
335 1582 430 1674 prius
463 1581 667 1653 astrinxerit
693 1583 738 1654 ad
768 1582 1012 1655 subeundam²
1041 1605 1184 1676 prauam,

143 1700 201 1770 cui
224 1707 408 1770 accusatus
431 1698 545 1768 victus
570 1698 694 1790 subjici
719 1697 912 1782 debuerit³,
929 1699 959 1768 si
983 1700 1186 1771 succumbat

143 1813 339 1906 injudicio,
357 1823 395 1884 et
413 1813 478 1883 nisi
500 1812 721 1905 fidejussores
745 1813 894 1898 dederit,
912 1814 1106 1906 quibusda
1130 1813 1186 1884 lite

143 1930 390 2023 prosequenda
405 1939 539 2001 caveat.

540 2258 793 2269 ..κο-*ι

479 2510 552 2581 DE
586 2510 610 2581 J
620 2508 853 2583 UDICIIS.

292 2719 369 2804 (lap.
388 2739 413 2781 r.
437 2717 1041 2801 Jodscmammomamfimm.

190 2855 214 2927 J
216 2856 397 2927 urisdiotio
417 2854 606 2948 cujuslibet
617 2856 749 2947 judicis
769 2878 839 2925 non
857 2855 922 2937 sui,
940 2856 1002 2946 qui
1021 2855 1185 2925 tribunali

140 3085 355 3179 litigantium
377 3107 549 3155 consensu
570 3085 747 3178 prorogari
769 3085 886 3176 possit,
907 3092 945 3154 at
969 3083 1184 3176 privatorum

56 3219 59 3225 ·
139 3223 329 3271 consensus
345 3201 507 3294 judicem
533 3223 614 3271 eum
643 3224 714 3270 non
741 3200 838 3281 facit,
864 3201 923 3291 qui
948 3199 1038 3271 nulli
1060 3209 1184 3294 praeeat

132 3317 380 3408 jurisdictioni,
399 3341 464 3387 uec
490 3317 584 3409 quod
608 3313 653 3386 is⁴
677 3317 813 3399 statuit,
836 3317 885 3387 rei
906 3316 1078 3409 judicatae
1104 3340 1185 3388 con·

139 3433 232 3502 tinet
248 3433 513 3504 authoritatem.
567 3432 652 3502 Non
674 3432 787 3503 solum
806 3455 972 3524 expresse
995 3433 1058 3502 sed
1076 3434 1183 3503 etiam

140 3548 249 3617 tacite
280 3549 479 3642 prorogatio
513 3549 588 3618 ficri
623 3550 741 3642 possit.
795 3547 892 3618 Nam
926 3549 953 3617 si
989 3546 1183 3642 litigatores

132 3662 290 3754 judicem
325 3687 395 3732 uon
430 3687 532 3734 suum
562 3665 714 3734 scienter
742 3660 943 3745 adiverint⁵‚
968 3662 1183 3755 jurisdictio·

138 3803 220 3850 nem
246 3779 341 3850 illius
365 3803 552 3874 prorogare
577 3780 837 3874 intelliguntur.
890 3778 928 3849 si
954 3779 1034 3870 quis
1059 3778 1096 3847 in
1122 3776 1183 3849 ali·

138 3919 242 3988 quem
269 3896 428 3987 judicem
460 3917 576 3964 coram
609 3895 683 3987 ipso
713 3904 751 3964 et
780 3915 862 3963 cum
893 3915 957 3962 suo
986 3892 1181 3963 adversario

137 4008 323 4089 consentit,
350 4003 485 4098 quoad⁶
510 4016 643 4079 certam
670 4006 825 4099 aliquam
850 4027 1002 4087 causam,
1025 4027 1098 4076 non
1123 4026 1180 4096 po·

221 4183 274 4234 ¹se
290 4197 339 4233 om.
436 4175 651 4236 ²scribendum.
753 4176 923 4234 ³dcbucrat.
1024 4177 1102 4234 ⁴eis.

360 4268 372 4304 ‘¹'
385 4276 556 4332 admiserint.
673 4283 686 4321 ⁶
700 4276 776 4350 quod
790 4276 827 4332 ob
841 4284 956 4332 certam.
