2692 4800
448 297 610 357 TABULA
630 295 879 355 TITULORUM.
1094 297 1192 355 xxxvii

146 459 191 515 18.
213 457 435 530 Reoeptntorum
450 461 479 510 et
492 453 634 510 fautorum
649 453 780 510 adulterii
795 471 856 527 qun
870 471 955 527 poens
968 452 1013 509 sit
1026 498 1049 509 ..
1068 498 1093 512 ..
1114 473 1140 527 p.
1154 465 1191 528 57

147 574 193 631 19.
216 552 367 629 Separatio
380 570 398 609 s
411 569 509 609 mense
523 558 553 608 et
566 550 650 608 thoro
665 550 774 608 tollitur
788 593 1120 610 .................
1154 551 1192 627 58

145 672 194 712 no.
216 653 348 711 Inoestus
362 658 392 708 et
404 648 592 708 scortationes
605 649 743 706 luiconsm
758 649 901 725 quomodo
915 649 1070 723 puniuntur
1094 695 1120 708 ..
1152 649 1191 706 ib.

144 768 194 808 21.
216 749 306 807 Filius
318 767 377 806 non
391 747 535 823 legitimrn
549 747 692 822 quomodo
707 747 744 804 sit
758 746 875 804 alendus
893 791 1122 806 ............
1153 747 1193 804 ib.

188 996 241 1052 DE
257 992 527 1052 nnumnnls
545 994 599 1049 AD
618 990 914 1049 nocuuslnsrlcn
934 991 1148 1049 BENEFICIA.

167 1234 195 1274 ι.
216 1216 377 1292 Diligenter
389 1215 419 1272 in
433 1215 578 1273 ministros
592 1214 789 1289 inquirendum
804 1232 867 1272 esse
892 1260 1121 1274 ............
1153 1215 1193 1273 ib.

165 1333 195 1389 3.
218 1314 410 1372 Pstronorum
423 1313 547 1370 officium
567 1357 1122 1372 ............................
1153 1312 1192 1371 ib.

164 1430 196 1485 4.
218 1413 407 1470 Petronornm
421 1410 645 1486 delinquentium
659 1428 743 1486 posue
770 1455 1118 1471 ..................
1153 1410 1193 1468 60

167 1531 196 1588 5.
218 1509 387 1569 Ssoerdotis
397 1527 488 1567 venun
501 1527 559 1566 non
573 1526 636 1567 esse
650 1517 791 1584 oportere,
806 1526 897 1584 neque
916 1517 1067 1583 antequam
1081 1527 1130 1565 vo·

247 1608 377 1666 noverint
389 1607 512 1665 eonforri
528 1648 1124 1667 ..............................
1155 1606 1194 1665 ib.

165 1707 196 1765 6.
218 1707 272 1764 Jus
286 1706 492 1781 designationis
505 1725 523 1763 s
536 1713 656 1781 petrono
671 1705 708 1762 sd
718 1723 789 1780 quos
804 1705 969 1763 devolvatur
974 1750 1122 1765 ........
1154 1703 1189 1761 61

166 1823 195 1880 7.
218 1804 391 1880 cognitores
405 1803 581 1861 adhibendos
595 1822 658 1861 esse
690 1847 1123 1863 ......................
1155 1800 1194 1859 ib.

165 1901 195 1960 8.
215 1902 234 1959 J
237 1910 415 1959 uramentum
428 1901 585 1977 cognitioni
598 1901 819 1977 proponendum
833 1920 896 1959 esse
934 1944 1123 1961 ..........
1154 1899 1193 1958 6ι

164 2018 196 2078 9.
219 1999 255 2057 In
268 1999 398 2057 doctrino
411 1998 479 2073 quid
493 1998 674 2074 querendum
689 1999 727 2057 sit
731 2043 1122 2060 ....................
1154 1997 1192 2055 ib.

148 2117 196 2157 ιο.
219 2097 461 2173 cognoscendum
474 2114 537 2154 esse
551 2116 587 2153 sn
600 2095 728 2154 heretici
741 2097 799 2154 sint
812 2140 1122 2156 ................
1152 2095 1192 2153 ib.

149 2215 196 2255 ιι.
218 2195 393 2272 cognitores
404 2194 471 2269 quid
486 2194 608 2270 primum
621 2194 766 2270 requirent
772 2240 1122 2255 ..................
1154 2194 1192 2269 63

148 2313 195 2354 ιι.
219 2293 343 2352 Unicum
356 2311 419 2350 esse
432 2301 564 2368 oportere
578 2293 767 2351 sacerdotium
780 2293 863 2350 unius
877 2293 999 2351 ministri
1014 2338 1121 2353 ......
1151 2292 1191 2351 ib.

147 2412 161 2450 1
166 2411 196 2468 ³·
219 2389 372 2466 Privilegie
384 2389 586 2465 plurnlitntnm,
601 2399 633 2448 nt
647 2399 760 2455 vocent,
776 2391 901 2449 tollenda
936 2438 960 2450 ..
977 2438 1001 2450 ..
1017 2438 1042 2450 ..
1058 2437 1082 2451 ..
1099 2436 1124 2450 ..
1155 2392 1194 2450 ib.

149 2509 195 2565 ¹4·
219 2489 365 2548 Absentin
378 2506 440 2563 quse
455 2487 566 2567 possint
579 2506 642 2546 esse
656 2507 747 2546 osusae
771 2535 1122 2549 ..................
1154 2489 1194 2563 ⁶4

147 2608 161 2647 ι
167 2608 195 2666 5.
218 2587 285 2657 Quo
298 2596 428 2663 tempore
442 2586 480 2644 sit
494 2585 653 2644 sdeundnm
669 2588 857 2646 secerdotium
892 2632 1122 2647 ............
1154 2587 1193 2644 ib.

148 2685 197 2746 ι6.
219 2684 353 2743 Officium
367 2684 626 2760 pmbeudnriorum
650 2728 1123 2744 ........................
1155 2684 1193 2742 ιἸ).

147 2795 196 2861 17.
219 2783 413 2859 Quinquennii
426 2783 583 2841 absentium
598 2781 798 2858 prebendariis
812 2781 953 2858 indulgeri
975 2826 1122 2841 ........
1153 2781 1191 2858 65

147 2883 196 2941 ι8.
218 2882 263 2940 De
276 2881 418 2941 netolibm
431 2881 623 2939 ministrorum
649 2923 1123 2939 ........................
1154 2879 1192 2937 ib.

147 2998 196 3057 19.
218 2980 408 3038 Patronornm
421 2979 527 3049 nothos
540 2981 576 3036 sb
590 2977 772 3036 eeclesiarum
786 2995 855 3035 curs
867 2976 1056 3035 removendos
1069 2996 1132 3034 esse
1154 2977 1193 3035 66

147 3094 198 3135 20.
220 3076 306 3135 Vitiis
319 3077 464 3153 quibusvis
484 3094 635 3151 corporum
657 3074 801 3132 ministros
822 3093 881 3132 non
902 3075 990 3133 arceri
1004 3094 1022 3132 s
1037 3093 1130 3133 sacer·

250 3175 335 3233 dotiis
362 3216 1122 3233 ......................................
1153 3172 1193 3230 ib.

148 3289 198 3330 ιι.
220 3273 306 3331 AEtns
318 3271 513 3330 ministrorum
525 3314 1122 3331 ..............................
1153 3270 1192 3344 67

148 3387 198 3429 ιι.
220 3371 306 3430 AEtns
317 3371 471 3429 liberorum
485 3369 742 3446 praebendariorum
770 3409 1122 3426 ..................
1154 3364 1193 3423 68

148 3487 198 3544 ²3·
221 3468 411 3546 cognitorum
426 3467 516 3544 qualis
530 3467 677 3543 diligentia
690 3465 848 3540 requiratur
853 3508 1122 3524 ..............
1154 3463 1193 3521 ib.

149 3585 197 3643 ²4·
218 3568 323 3626 Forma
332 3567 488 3643 juramenti
502 3566 695 3625 ministrorum
747 3608 1118 3624 ...................
1153 3564 1193 3637 69

146 3684 197 3742 25.
219 3666 264 3724 De
277 3666 313 3724 iis
326 3665 374 3741 qni
387 3673 495 3722 temere
509 3664 538 3721 in
551 3663 690 3721 beneficis
703 3663 863 3737 irrumpunt
877 3660 1082 3719 eeclesiastico.
1098 3706 1105 3719 .
1118 3707 1123 3718 .
1155 3661 1194 3718 ib.

296 3902 348 3959 DE
367 3901 687 3960 EENUN'I'IATIONE
705 3901 779 3957 VEL
797 3899 1042 3958 DESEE'I'IONE

519 3996 824 4053 BENEFICIORUM.

171 4165 196 4204 ι.
218 4185 1121 4206 .............................................
1174 4159 1193 4199 o

170 4261 197 4301 s.
220 4242 255 4301 ln
282 4243 490 4302 renuntiatione
518 4251 548 4301 et
575 4243 782 4318 permutatione
809 4259 965 4298 consensus
1000 4239 1132 4297 ordinarii
1156 4159 1170 4215 ⁷

248 4340 423 4399 necessarius
437 4349 491 4408 est,
505 4349 535 4399 et
549 4340 610 4398 sine
623 4338 672 4397 illo
687 4338 833 4415 paciscens
847 4336 1017 4395 simoniacus
1031 4343 1075 4393 est
1094 4382 1118 4392 ..
1152 4335 1191 4392 ib.
