2692 4800
484 327 533 378 nu
557 326 811 380 rusraunurrs.
1104 309 1176 385 139

403 525 480 613 (lap.
496 548 525 612 9.
551 527 627 606 Qua
639 526 909 613 complacatum.

175 667 236 739 Ad
263 669 486 760 piscantem
513 689 634 738 causas
660 665 714 737 hae
739 676 1035 750 annumerantur3
1066 688 1175 760 quum

128 783 258 877 aliquid
286 783 333 854 ad
359 783 558 853 vinctorum
585 782 810 864 levationem,
830 778 874 854 ad
901 806 1094 877 pauperum
1122 806 1176 854 re-

129 899 355 981 creationem,
368 894 431 969 ad¹
449 897 695 990 orphanorum,
710 897 895 968 viduarum
913 906 951 968 et
968 897 1177 970 afflictarum

129 1015 243 1087 omnis
258 1015 399 1109 generis
419 1036 646 1107 personarum
668 1015 963 1085 sustentationem
987 1014 1176 1100 confertur,

128 1133 340 1205 nominatim
361 1139 400 1203 et
423 1131 578 1202 maxime
599 1154 709 1224 quum
733 1132 776 1201 ad
795 1131 993 1224 puellarum
1014 1134 1176 1203 tenuium

128 1251 279 1344 nuptias,
305 1248 350 1319 ad
376 1246 665 1319 scholasticorum
691 1247 726 1316 in
755 1248 943 1319 academiis
969 1249 1176 1343 degentium

128 1366 329 1438 nuditatem
354 1362 629 1458 propellendam,
647 1364 691 1433 ad
715 1361 934 1456 publicarum
961 1364 1098 1435 viarum
1123 1387 1178 1434 re·

128 1483 321 1554 sectionem
347 1481 526 1574 quippiam
551 1487 767 1550 testamento
791 1481 1003 1574 designatur.
1056 1482 1176 1565 Quum

128 1609 249 1671 autern
267 1597 456 1689 quicquam
480 1596 720 1688 superstitiose
746 1597 863 1689 potius
883 1620 989 1688 quam
1007 1598 1065 1691 pie
1082 1598 1177 1692 lega-

128 1726 207 1788 tum
226 1716 344 1799 fuerit,
361 1716 546 1808 episcopus
568 1714 821 1785 authoritatem
843 1737 943 1784 suam
965 1715 1176 1810 interponat,

128 1842 170 1904 ut
187 1831 346 1926 legatum
363 1831 439 1924 pias
456 1831 493 1900 in
510 1853 632 1902 causas
649 1831 892 1901 distribuatur.

188 2062 269 2147 Cap.
286 2081 332 2124 ιο.
357 2058 465 2140 Qualia
479 2057 652 2124 distributio
667 2057 807 2123 docorum
821 2080 885 2124 casa
898 2058 1011 2137 debeat,
1027 2060 1074 2124 cel
1086 2082 1124 2124 ec

428 2169 608 2239 testamento,
623 2161 669 2226 ccl
682 2159 721 2225 ad
735 2161 884 2227 intestato.

179 2285 361 2356 Bonorum
385 2283 442 2354 vel
466 2293 680 2356 testamento
704 2283 1000 2367 collocandorum,
1020 2283 1074 2354 vel
1102 2285 1178 2355 sine

129 2410 346 2472 testamento
369 2398 583 2483 relictorum,
605 2400 805 2492 hujusmodi
831 2401 975 2495 partitio
996 2401 1052 2472 sit.
1105 2401 1176 2485 Qui

129 2517 317 2612 conjugem
333 2524 371 2586 et
388 2516 536 2587 liberos2
552 2517 672 2599 habet,
688 2518 829 2588 tertiam
849 2518 1020 2588 bonorum
1039 2527 1176 2610 partem

127 2633 173 2705 ad
200 2655 351 2704 uxorem
384 2642 559 2726 segreget,
584 2630 722 2705 liberis³
752 2633 879 2703 deinde
905 2656 1002 2703 suam
1033 2629 1175 2704 tertiam

128 2752 296 2845 assignet,
317 2759 355 2819 et
379 2750 495 2820 adhuc
521 2750 664 2820 tertiam
690 2774 768 2842 quae
794 2758 952 2842 superest
978 2751 1176 2843 portionem

128 2868 302 2940 arbitratu
318 2890 381 2937 suo
399 2865 560 2937 collocet.
601 2866 706 2950 Quod
723 2868 752 2937 si
771 2867 959 2938 decesserit
977 2867 1052 2937 sine
1070 2875 1178 2938 testa-

128 2992 263 3067 mento,
280 3005 361 3053 suas
384 2981 535 3075 aequales
558 2984 681 3054 tertias
705 2983 887 3054 habebunt
906 3007 997 3053 uxor
1013 2983 1178 3076 primum,

129 3102 258 3172 deinde
290 3099 400 3181 liberi,
427 3099 598 3192 reliquam
624 3122 709 3168 vero
738 3099 849 3169 solam
877 3099 1177 3173 administratores

130 3218 274 3288 tertiam
308 3224 446 3309 partem
480 3213 564 3307 ipsi⁴
595 3217 815 3307 dispartient.
867 3215 972 3299 Quod
1002 3216 1031 3285 si
1061 3216 1178 3308 proles

129 3332 290 3403 testatori
327 3331 488 3412 defuerit,
516 3332 610 3425 apud
646 3354 793 3402 uxorem
829 3332 975 3401 dimidia
1004 3331 1177 3402 bonorum

129 3471 211 3540 pars
227 3448 389 3531 resideat,
407 3456 444 3518 et
462 3448 557 3541 quod
575 3448 643 3517 erit
667 3446 802 3538 reliqui,
820 3446 997 3537 quomodo
1015 3446 1176 3530 voluerit,

129 3567 176 3635 de
202 3588 245 3635 eo
268 3565 472 3636 constituat.
523 3562 573 3632 Et
598 3565 627 3633 si
652 3563 806 3632 moriens
831 3571 1048 3632 testamento
1070 3564 1178 3634 desti-

129 3691 231 3752 tutus
252 3681 369 3766 fuerit,
387 3682 455 3751 hoo
478 3681 571 3750 idem
596 3678 769 3772 reliquum
795 3680 830 3749 in
853 3680 1176 3751 administratorum

129 3807 309 3892 potestate
331 3797 444 3868 solnm
467 3798 545 3876 erit,
563 3796 683 3866 uxoris
706 3795 803 3866 salva
825 3815 964 3886 semper
985 3803 1023 3864 et
1040 3794 1178 3867 illibata

128 3924 234 3988 sorte.
280 3913 318 3984 Si
339 3937 420 3983 vero
438 3921 588 3983 testator
604 3911 761 3982 sobolem
779 3935 825 3981 ex
842 3933 953 3980 uxore
971 3915 1176 4004 susceperit,

128 4042 166 4104 et
203 4054 303 4113 uxor,
331 4030 391 4099 illa
420 4030 620 4120 superstite,
648 4030 695 4098 sit
725 4037 874 4110 mortua,
901 4037 978 4098 tum
1009 4029 1053 4098 ad
1084 4029 1175 4099 hano

128 4153 242 4244 ipsam
273 4145 428 4218 sobolom
457 4145 641 4215 dimidium
674 4144 790 4237 piacet
817 4144 974 4212 omnium
1002 4143 1175 4214 bonorum

215 4331 340 4392 ¹aciem.
464 4328 593 4390 ²liberis.
715 4331 854 4388 ³libcrcs.
951 4331 1031 4407 lipsi
1046 4349 1094 4386 om.
