2692 4800
429 347 433 354 .
503 313 552 363 on
577 310 842 365 oimmomaus.
1121 296 1194 369 273

426 790 494 863 DE
529 788 912 861 DILATIONIBUS.

461 986 537 1073 (lap.
555 1007 581 1050 1.
604 986 725 1050 Dilctio
739 984 816 1071 qaid
827 984 876 1050 sil.

193 1133 332 1209 Dilatio
365 1147 420 1207 est
453 1134 580 1229 agendi
617 1132 767 1203 facultas
796 1132 887 1201 infra
917 1139 1058 1223 tempus
1087 1108 1143 1200 'vel
1173 1154 1195 1200 a

147 1253 293 1350 legibus,
319 1250 376 1323 vel
403 1273 424 1322 a
445 1250 598 1344 judioo¹‚
625 1247 681 1318 vel
709 1271 753 1318 ex
782 1247 1015 1318 conventione
1041 1247 1194 1338 partium

146 1372 396 1464 prescriptum.

437 1513 516 1599 (lap.
530 1532 558 1578 2.
582 1511 774 1576 Dilatioaum
787 1510 907 1598 species.

195 1653 417 1724 Dilationum
446 1649 516 1721 alia
545 1657 600 1719 est
630 1648 763 1742 legalis,
790 1671 868 1739 quse
895 1671 916 1717 a
943 1645 1080 1739 legibus
1110 1647 1195 1717 deli-

145 1771 263 1857 nitur;
293 1769 338 1839 ad
364 1766 613 1863 appellandum
639 1767 746 1847 enim,
770 1774 807 1835 et
835 1764 1027 1857 petendum
1055 1766 1197 1835 restitu-

145 1887 281 1958 tionem
315 1886 352 1955 in
386 1886 575 1977 integrum,
605 1892 642 1951 et
675 1880 812 1964 similia,
843 1890 1032 1974 tempusa
1060 1881 1196 1975 legibus

145 2001 401 2097 proscribitur:
429 1997 619 2090 judicialis,
646 2022 723 2090 quse
749 1998 853 2068 datur
877 1997 1022 2068 arbitrio
1042 1997 1195 2089 judicis:

145 2115 434 2197 conventionalia,
451 2138 530 2207 quae
553 2115 744 2185 terminum
769 2114 876 2185 habet
894 2136 938 2184 ex
962 2115 1196 2186 conventione
1213 2143 1274 2209 129

147 2234 311 2326 partium.
363 2229 420 2301 Ex
446 2230 674 2299 dilationibus
693 2228 921 2322 judicialibus
950 2230 1112 2300 citatoria
1137 2229 1197 2300 da·

146 2358 207 2419 tur
226 2371 248 2418 a
263 2348 395 2440 judice,
413 2346 458 2418 ad
482 2346 780 2439 comparendum:
808 2346 1056 2415 deliberatorio
1076 2345 1197 2416 oblato

147 2464 268 2536 libello
291 2464 396 2535 datur
415 2462 460 2532 ad
478 2462 745 2532 deliberandum
763 2463 808 2532 de
833 2461 899 2545 his,
917 2486 994 2554 quae
1016 2470 1197 2554 petuntur,

150 2582 204 2655 vel
229 2583 275 2653 de
297 2577 485 2663 codend02,
506 2577 560 2650 vel
591 2579 637 2650 de
664 2578 728 2649 lits
756 2576 1022 2671 suscipienda³t
1059 2602 1198 2651 recusa-

147 2699 237 2770 toria
264 2698 455 2767 terminum
486 2696 649 2765 concedit
676 2697 720 2766 ad
747 2695 991 2787 proponendas
1017 2697 1198 2790 exceptio·

147 2836 211 2887 nes
244 2834 377 2891 omnes,
413 2821 450 2882 et
484 2811 529 2882 ad
570 2810 818 2882 declinandum
859 2835 921 2882 seu
962 2811 1198 2882 differendum

140 2930 339 3023 judicium:
370 2926 571 3023 probatoria
599 2927 703 2996 datur
728 2928 772 2997 ad
805 2927 1022 3020 probandum
1049 2937 1088 2998 et
1113 2928 1198 2999 alle-

146 3047 302 3142 gandum
338 3046 374 3114 in
401 3066 527 3115 causa:
571 3043 770 3113 definitoria
800 3045 905 3113 datur
933 3045 978 3114 ad
1013 3046 1196 3139 negotium

147 3159 410 3234 definiendum:
440 3158 656 3251 judicatorio
675 3160 780 3228 datur
800 3158 1045 3229 condemnatis
1066 3160 1111 3229 ad
1139 3182 1196 3252 pa·

147 3278 309 3350 tiendum
332 3275 387 3347 vel
412 3275 618 3346 solvendum
632 3276 814 3365 judicata:
842 3274 1071 3368 appellatorio
1093 3277 1198 3348 datur

146 3396 190 3467 ad
208 3392 468 3487 appellandum.

169 3601 247 3687 (lap.
259 3619 291 3686 3.
316 3599 497 3676 Ds'lotioncs,
514 3610 660 3684 quactum
666 3600 742 3683 ficri
749 3610 856 3686 potest,
872 3601 1072 3685 amputando
1085 3613 1167 3666 aurat.

199 3748 372 3819 Materies
404 3748 614 3821 dilationum
647 3749 777 3840 ubique
811 3757 995 3842 amputare
1024 3749 1197 3833 volumus,

148 3877 186 3937 st
220 3865 287 3936 hac
327 3866 462 3936 ratione
494 3866 673 3958 judicibus
709 3887 779 3935 non
817 3867 1041 3937 concedimus
1076 3867 1197 3937 dandae

147 3982 340 4066 dilationis,
365 3983 504 4074 quoties
533 3982 717 4063 voluerint,
745 3982 962 4066 facultatem,
985 3984 1047 4055 sed
1074 3994 1197 4075 quate·

150 4122 216 4170 nus
241 4121 356 4169 rerum
381 4099 627 4193 urgentissima
648 4098 736 4168 ratio
754 4097 994 4191 flagitaverit&
1013 4110 1051 4170 et
1077 4122 1198 4170 neces-

233 4244 239 4283 ¹
256 4248 299 4305 vel
315 4249 438 4323 ajudice
452 4268 504 4304 oen.
616 4244 788 4306 ²caedendo.
901 4243 914 4281 ³
927 4249 1113 4323 suspicienda.

539 4339 737 4420 ⁴flagitaverit
754 4365 804 4401 ons.

662 4464 684 4512 T
