<?xml version="1.0" encoding="UTF-8"?>
<!DOCTYPE html PUBLIC "-//W3C//DTD XHTML 1.0 Transitional//EN"
    "http://www.w3.org/TR/xhtml1/DTD/xhtml1-transitional.dtd">
<html xmlns="http://www.w3.org/1999/xhtml" xml:lang="en" lang="en">
 <head>
  <title>
</title>
<meta http-equiv="Content-Type" content="text/html;charset=utf-8" />
  <meta name='ocr-system' content='tesseract 3.04.00' />
  <meta name='ocr-capabilities' content='ocr_page ocr_carea ocr_par ocr_line ocrx_word'/>
</head>
<body>
  <div class='ocr_page' id='page_1' title='image "./reformationeccl01cardgoog_0109.png"; bbox 0 0 2692 4800; ppageno 0'>
   <div class='ocr_carea' id='block_1_1' title="bbox 151 242 1255 342">
    <p class='ocr_par' dir='ltr' id='par_1_1' title="bbox 151 242 1255 342">
     <span class='ocr_line' id='line_1_1' title="bbox 151 242 1255 342; baseline 0.01 -35"><span class='ocrx_word' id='word_1_1' title='bbox 151 242 200 308; x_wconf 75' lang='lat'><strong>42</strong></span> <span class='ocrx_word' id='word_1_2' title='bbox 519 260 568 309; x_wconf 80' lang='lat' dir='ltr'><strong>on</strong></span> <span class='ocrx_word' id='word_1_3' title='bbox 592 259 835 313; x_wconf 78' lang='lat' dir='ltr'><strong>unrnruonro.</strong></span> <span class='ocrx_word' id='word_1_4' title='bbox 996 288 1001 295; x_wconf 83' lang='lat'><strong>·</strong></span> <span class='ocrx_word' id='word_1_5' title='bbox 1209 264 1255 342; x_wconf 59' lang='lat' dir='ltr'><strong>cp</strong></span> 
     </span>
    </p>
   </div>
   <div class='ocr_carea' id='block_1_2' title="bbox 148 413 1193 625">
    <p class='ocr_par' dir='ltr' id='par_1_2' title="bbox 148 413 1193 625">
     <span class='ocr_line' id='line_1_2' title="bbox 148 413 1193 511; baseline 0.008 -27"><span class='ocrx_word' id='word_1_6' title='bbox 148 415 311 485; x_wconf 79' lang='lat' dir='ltr'>minister</span> <span class='ocrx_word' id='word_1_7' title='bbox 336 413 415 485; x_wconf 89' lang='lat' dir='ltr'><strong>illos</strong></span> <span class='ocrx_word' id='word_1_8' title='bbox 440 416 475 484; x_wconf 94' lang='lat' dir='ltr'><strong>iu</strong></span> <span class='ocrx_word' id='word_1_9' title='bbox 502 413 572 486; x_wconf 90' lang='lat' dir='ltr'><strong>alio</strong></span> <span class='ocrx_word' id='word_1_10' title='bbox 600 414 678 486; x_wconf 90' lang='lat' dir='ltr'><strong>loco</strong></span> <span class='ocrx_word' id='word_1_11' title='bbox 708 416 933 487; x_wconf 89' lang='lat' dir='ltr'><strong>matrimonio</strong></span> <span class='ocrx_word' id='word_1_12' title='bbox 962 419 1193 511; x_wconf 77' lang='lat' dir='ltr'><strong>conjunxerit,</strong></span> 
     </span>
     <span class='ocr_line' id='line_1_3' title="bbox 149 529 943 625; baseline 0.003 -24"><span class='ocrx_word' id='word_1_13' title='bbox 149 533 185 602; x_wconf 94' lang='lat' dir='ltr'><strong>in</strong></span> <span class='ocrx_word' id='word_1_14' title='bbox 204 529 362 625; x_wconf 87' lang='lat' dir='ltr'><strong>poenam¹</strong></span> <span class='ocrx_word' id='word_1_15' title='bbox 382 533 759 610; x_wconf 80' lang='lat' dir='ltr'><strong>excommunicationis</strong></span> <span class='ocrx_word' id='word_1_16' title='bbox 775 534 943 605; x_wconf 90' lang='lat' dir='ltr'><strong>incurret.</strong></span> 
     </span>
    </p>
   </div>
   <div class='ocr_carea' id='block_1_3' title="bbox 144 759 1195 3310">
    <p class='ocr_par' dir='ltr' id='par_1_3' title="bbox 400 759 946 848">
     <span class='ocr_line' id='line_1_4' title="bbox 400 759 946 848; baseline -0.004 -22"><span class='ocrx_word' id='word_1_17' title='bbox 400 759 478 846; x_wconf 77' lang='lat' dir='ltr'><strong>Gap.</strong></span> <span class='ocrx_word' id='word_1_18' title='bbox 495 761 525 823; x_wconf 92' lang='lat'><strong>6.</strong></span> <span class='ocrx_word' id='word_1_19' title='bbox 548 762 597 827; x_wconf 80' lang='lat' dir='ltr'><strong>De</strong></span> <span class='ocrx_word' id='word_1_20' title='bbox 608 759 804 846; x_wconf 69' lang='lat' dir='ltr'><strong>partitam</strong></span> <span class='ocrx_word' id='word_1_21' title='bbox 817 762 946 848; x_wconf 73' lang='lat' dir='ltr'><strong>moptt‘ia.</strong></span> 
     </span>
    </p>

    <p class='ocr_par' dir='ltr' id='par_1_4' title="bbox 144 880 1195 3310">
     <span class='ocr_line' id='line_1_5' title="bbox 182 880 1195 976; baseline 0.005 -22"><span class='ocrx_word' id='word_1_22' title='bbox 182 881 275 954; x_wconf 91' lang='lat' dir='ltr'><strong>Cum</strong></span> <span class='ocrx_word' id='word_1_23' title='bbox 289 882 325 951; x_wconf 91' lang='lat' dir='ltr'><strong>iu</strong></span> <span class='ocrx_word' id='word_1_24' title='bbox 341 880 555 953; x_wconf 79' lang='lat' dir='ltr'><strong>Ecclesiam²</strong></span> <span class='ocrx_word' id='word_1_25' title='bbox 564 905 711 976; x_wconf 87' lang='lat' dir='ltr'><strong>sponsus</strong></span> <span class='ocrx_word' id='word_1_26' title='bbox 723 892 761 953; x_wconf 89' lang='lat' dir='ltr'><strong>et</strong></span> <span class='ocrx_word' id='word_1_27' title='bbox 774 906 900 976; x_wconf 86' lang='lat' dir='ltr'><strong>sponsa</strong></span> <span class='ocrx_word' id='word_1_28' title='bbox 913 887 1146 960; x_wconf 80' lang='lat' dir='ltr'><strong>convenerint</strong></span> <span class='ocrx_word' id='word_1_29' title='bbox 1157 896 1195 959; x_wconf 90' lang='lat' dir='ltr'><strong>ut</strong></span> 
     </span>
     <span class='ocr_line' id='line_1_6' title="bbox 147 998 1195 1096; baseline 0.009 -29"><span class='ocrx_word' id='word_1_30' title='bbox 147 998 373 1068; x_wconf 87' lang='lat' dir='ltr'><strong>matrimonio</strong></span> <span class='ocrx_word' id='word_1_31' title='bbox 392 1000 662 1093; x_wconf 86' lang='lat' dir='ltr'><strong>conjungantur,</strong></span> <span class='ocrx_word' id='word_1_32' title='bbox 680 1000 709 1069; x_wconf 90' lang='lat' dir='ltr'><strong>si</strong></span> <span class='ocrx_word' id='word_1_33' title='bbox 732 1022 771 1070; x_wconf 91' lang='lat' dir='ltr'><strong>se</strong></span> <span class='ocrx_word' id='word_1_34' title='bbox 789 999 961 1093; x_wconf 89' lang='lat' dir='ltr'><strong>quispiam</strong></span> <span class='ocrx_word' id='word_1_35' title='bbox 978 1001 1195 1096; x_wconf 82' lang='lat' dir='ltr'><strong>interposue-</strong></span> 
     </span>
     <span class='ocr_line' id='line_1_7' title="bbox 147 1115 1194 1214; baseline 0.006 -30"><span class='ocrx_word' id='word_1_36' title='bbox 147 1117 195 1184; x_wconf 90' lang='lat' dir='ltr'><strong>rit</strong></span> <span class='ocrx_word' id='word_1_37' title='bbox 220 1137 263 1184; x_wconf 91' lang='lat' dir='ltr'><strong>eo</strong></span> <span class='ocrx_word' id='word_1_38' title='bbox 281 1122 451 1208; x_wconf 88' lang='lat' dir='ltr'><strong>tempore,</strong></span> <span class='ocrx_word' id='word_1_39' title='bbox 470 1138 682 1208; x_wconf 86' lang='lat' dir='ltr'><strong>causamque</strong></span> <span class='ocrx_word' id='word_1_40' title='bbox 707 1115 841 1198; x_wconf 84' lang='lat' dir='ltr'><strong>afferat,</strong></span> <span class='ocrx_word' id='word_1_41' title='bbox 859 1125 923 1187; x_wconf 89' lang='lat' dir='ltr'><strong>aut</strong></span> <span class='ocrx_word' id='word_1_42' title='bbox 944 1116 1073 1191; x_wconf 83' lang='lat' dir='ltr'><strong>afferre</strong></span> <span class='ocrx_word' id='word_1_43' title='bbox 1096 1142 1194 1214; x_wconf 85' lang='lat' dir='ltr'><strong>posse</strong></span> 
     </span>
     <span class='ocr_line' id='line_1_8' title="bbox 147 1231 1194 1328; baseline 0.008 -27"><span class='ocrx_word' id='word_1_44' title='bbox 147 1231 253 1314; x_wconf 90' lang='lat' dir='ltr'><strong>dicat,</strong></span> <span class='ocrx_word' id='word_1_45' title='bbox 276 1255 340 1302; x_wconf 93' lang='lat' dir='ltr'><strong>cur</strong></span> <span class='ocrx_word' id='word_1_46' title='bbox 365 1232 402 1302; x_wconf 90' lang='lat' dir='ltr'><strong>iu</strong></span> <span class='ocrx_word' id='word_1_47' title='bbox 428 1233 654 1303; x_wconf 90' lang='lat' dir='ltr'><strong>matrimonio</strong></span> <span class='ocrx_word' id='word_1_48' title='bbox 679 1255 756 1304; x_wconf 88' lang='lat' dir='ltr'><strong>esse</strong></span> <span class='ocrx_word' id='word_1_49' title='bbox 781 1257 853 1304; x_wconf 94' lang='lat' dir='ltr'><strong>non</strong></span> <span class='ocrx_word' id='word_1_50' title='bbox 878 1235 1024 1328; x_wconf 77' lang='lat' dir='ltr'><strong>possint,</strong></span> <span class='ocrx_word' id='word_1_51' title='bbox 1041 1246 1083 1309; x_wconf 89' lang='lat' dir='ltr'><strong>et</strong></span> <span class='ocrx_word' id='word_1_52' title='bbox 1107 1236 1194 1309; x_wconf 86' lang='lat' dir='ltr'><strong>hauc</strong></span> 
     </span>
     <span class='ocr_line' id='line_1_9' title="bbox 147 1350 1194 1446; baseline 0.009 -29"><span class='ocrx_word' id='word_1_53' title='bbox 147 1372 223 1420; x_wconf 89' lang='lat' dir='ltr'><strong>rem</strong></span> <span class='ocrx_word' id='word_1_54' title='bbox 241 1350 335 1419; x_wconf 90' lang='lat' dir='ltr'><strong>intra</strong></span> <span class='ocrx_word' id='word_1_55' title='bbox 351 1371 510 1419; x_wconf 89' lang='lat' dir='ltr'><strong>mensem</strong></span> <span class='ocrx_word' id='word_1_56' title='bbox 529 1350 690 1441; x_wconf 87' lang='lat' dir='ltr'><strong>proxime</strong></span> <span class='ocrx_word' id='word_1_57' title='bbox 710 1360 984 1422; x_wconf 88' lang='lat' dir='ltr'><strong>consecuturum</strong></span> <span class='ocrx_word' id='word_1_58' title='bbox 1010 1374 1050 1424; x_wconf 88' lang='lat' dir='ltr'><strong>se</strong></span> <span class='ocrx_word' id='word_1_59' title='bbox 1073 1353 1194 1446; x_wconf 80' lang='lat' dir='ltr'><strong>proba·</strong></span> 
     </span>
     <span class='ocr_line' id='line_1_10' title="bbox 148 1466 1193 1559; baseline 0.008 -24"><span class='ocrx_word' id='word_1_60' title='bbox 148 1476 268 1535; x_wconf 90' lang='lat' dir='ltr'><strong>turum</strong></span> <span class='ocrx_word' id='word_1_61' title='bbox 286 1488 362 1536; x_wconf 87' lang='lat' dir='ltr'><strong>esse</strong></span> <span class='ocrx_word' id='word_1_62' title='bbox 383 1466 563 1559; x_wconf 88' lang='lat' dir='ltr'><strong>spondeat,</strong></span> <span class='ocrx_word' id='word_1_63' title='bbox 582 1474 620 1535; x_wconf 91' lang='lat' dir='ltr'><strong>et</strong></span> <span class='ocrx_word' id='word_1_64' title='bbox 643 1466 709 1536; x_wconf 91' lang='lat' dir='ltr'><strong>nisi</strong></span> <span class='ocrx_word' id='word_1_65' title='bbox 728 1467 779 1537; x_wconf 90' lang='lat' dir='ltr'><strong>ita</strong></span> <span class='ocrx_word' id='word_1_66' title='bbox 802 1466 910 1538; x_wconf 86' lang='lat' dir='ltr'><strong>faciat</strong></span> <span class='ocrx_word' id='word_1_67' title='bbox 933 1469 1193 1543; x_wconf 84' lang='lat' dir='ltr'><strong>satisfacturum</strong></span> 
     </span>
     <span class='ocr_line' id='line_1_11' title="bbox 148 1580 1194 1675; baseline 0.008 -23"><span class='ocrx_word' id='word_1_68' title='bbox 148 1605 185 1652; x_wconf 89' lang='lat' dir='ltr'><strong>se</strong></span> <span class='ocrx_word' id='word_1_69' title='bbox 203 1580 307 1674; x_wconf 89' lang='lat' dir='ltr'><strong>plene</strong></span> <span class='ocrx_word' id='word_1_70' title='bbox 324 1605 387 1675; x_wconf 92' lang='lat' dir='ltr'><strong>pro</strong></span> <span class='ocrx_word' id='word_1_71' title='bbox 405 1584 502 1652; x_wconf 92' lang='lat' dir='ltr'><strong>omni</strong></span> <span class='ocrx_word' id='word_1_72' title='bbox 519 1590 688 1675; x_wconf 88' lang='lat' dir='ltr'><strong>apparatu</strong></span> <span class='ocrx_word' id='word_1_73' title='bbox 703 1584 763 1674; x_wconf 92' lang='lat' dir='ltr'><strong>qui</strong></span> <span class='ocrx_word' id='word_1_74' title='bbox 778 1583 894 1655; x_wconf 88' lang='lat' dir='ltr'><strong>fuerat</strong></span> <span class='ocrx_word' id='word_1_75' title='bbox 910 1584 947 1654; x_wconf 92' lang='lat' dir='ltr'><strong>in</strong></span> <span class='ocrx_word' id='word_1_76' title='bbox 957 1584 1194 1660; x_wconf 90' lang='lat' dir='ltr'><strong>celebratione</strong></span> 
     </span>
     <span class='ocr_line' id='line_1_12' title="bbox 147 1698 1192 1791; baseline 0.008 -24"><span class='ocrx_word' id='word_1_77' title='bbox 147 1699 350 1791; x_wconf 87' lang='lat' dir='ltr'><strong>nuptiarum</strong></span> <span class='ocrx_word' id='word_1_78' title='bbox 369 1699 518 1781; x_wconf 70' lang='lat' dir='ltr'><strong>futurus</strong></span> <span class='ocrx_word' id='word_1_79' title='bbox 537 1709 574 1769; x_wconf 86' lang='lat' dir='ltr'><strong>et</strong></span> <span class='ocrx_word' id='word_1_80' title='bbox 592 1700 635 1769; x_wconf 90' lang='lat' dir='ltr'><strong>ad</strong></span> <span class='ocrx_word' id='word_1_81' title='bbox 654 1698 689 1768; x_wconf 90' lang='lat' dir='ltr'><strong>id</strong></span> <span class='ocrx_word' id='word_1_82' title='bbox 707 1723 779 1769; x_wconf 90' lang='lat' dir='ltr'><strong>non</strong></span> <span class='ocrx_word' id='word_1_83' title='bbox 797 1699 912 1771; x_wconf 89' lang='lat' dir='ltr'><strong>solum</strong></span> <span class='ocrx_word' id='word_1_84' title='bbox 939 1724 986 1785; x_wconf 89' lang='lat' dir='ltr'><strong>se,</strong></span> <span class='ocrx_word' id='word_1_85' title='bbox 1004 1703 1070 1774; x_wconf 89' lang='lat' dir='ltr'><strong>sed</strong></span> <span class='ocrx_word' id='word_1_86' title='bbox 1088 1704 1192 1776; x_wconf 87' lang='lat' dir='ltr'><strong>etiam</strong></span> 
     </span>
     <span class='ocr_line' id='line_1_13' title="bbox 146 1814 1192 1910; baseline 0.011 -27"><span class='ocrx_word' id='word_1_87' title='bbox 146 1837 210 1907; x_wconf 90' lang='lat' dir='ltr'><strong>pro</strong></span> <span class='ocrx_word' id='word_1_88' title='bbox 227 1837 265 1886; x_wconf 84' lang='lat' dir='ltr'><strong>se</strong></span> <span class='ocrx_word' id='word_1_89' title='bbox 279 1815 498 1909; x_wconf 88' lang='lat' dir='ltr'><strong>fidejussores</strong></span> <span class='ocrx_word' id='word_1_90' title='bbox 515 1815 711 1909; x_wconf 86' lang='lat' dir='ltr'><strong>locupletes</strong></span> <span class='ocrx_word' id='word_1_91' title='bbox 729 1814 948 1910; x_wconf 78' lang='lat' dir='ltr'><strong>obligaverit,</strong></span> <span class='ocrx_word' id='word_1_92' title='bbox 959 1826 1038 1889; x_wconf 86' lang='lat' dir='ltr'><strong>tum</strong></span> <span class='ocrx_word' id='word_1_93' title='bbox 1050 1820 1192 1893; x_wconf 90' lang='lat' dir='ltr'><strong>demum</strong></span> 
     </span>
     <span class='ocr_line' id='line_1_14' title="bbox 147 1932 1191 2013; baseline 0.008 -12"><span class='ocrx_word' id='word_1_94' title='bbox 147 1932 321 2013; x_wconf 84' lang='lat' dir='ltr'><strong>audiatur,</strong></span> <span class='ocrx_word' id='word_1_95' title='bbox 341 1941 378 2002; x_wconf 90' lang='lat' dir='ltr'><strong>et</strong></span> <span class='ocrx_word' id='word_1_96' title='bbox 403 1933 668 2003; x_wconf 89' lang='lat' dir='ltr'><strong>matrimonium</strong></span> <span class='ocrx_word' id='word_1_97' title='bbox 688 1940 803 2003; x_wconf 89' lang='lat' dir='ltr'><strong>totum</strong></span> <span class='ocrx_word' id='word_1_98' title='bbox 823 1955 984 2006; x_wconf 90' lang='lat' dir='ltr'><strong>mensem</strong></span> <span class='ocrx_word' id='word_1_99' title='bbox 1002 1936 1191 2009; x_wconf 83' lang='lat' dir='ltr'><strong>differatur.</strong></span> 
     </span>
     <span class='ocr_line' id='line_1_15' title="bbox 147 2047 1192 2142; baseline 0.007 -24"><span class='ocrx_word' id='word_1_100' title='bbox 147 2047 236 2119; x_wconf 88' lang='lat' dir='ltr'><strong>Haec</strong></span> <span class='ocrx_word' id='word_1_101' title='bbox 254 2057 373 2120; x_wconf 86' lang='lat' dir='ltr'><strong>tamen</strong></span> <span class='ocrx_word' id='word_1_102' title='bbox 392 2048 515 2120; x_wconf 91' lang='lat' dir='ltr'><strong>dilatio</strong></span> <span class='ocrx_word' id='word_1_103' title='bbox 531 2049 696 2141; x_wconf 90' lang='lat' dir='ltr'><strong>quoniam</strong></span> <span class='ocrx_word' id='word_1_104' title='bbox 714 2047 904 2142; x_wconf 89' lang='lat' dir='ltr'><strong>aliquando</strong></span> <span class='ocrx_word' id='word_1_105' title='bbox 922 2050 1044 2123; x_wconf 89' lang='lat' dir='ltr'><strong>dolum</strong></span> <span class='ocrx_word' id='word_1_106' title='bbox 1063 2052 1192 2125; x_wconf 90' lang='lat' dir='ltr'><strong>malum</strong></span> 
     </span>
     <span class='ocr_line' id='line_1_16' title="bbox 146 2166 1192 2265; baseline 0.006 -29"><span class='ocrx_word' id='word_1_107' title='bbox 146 2166 277 2236; x_wconf 89' lang='lat' dir='ltr'><strong>habere</strong></span> <span class='ocrx_word' id='word_1_108' title='bbox 302 2174 432 2258; x_wconf 88' lang='lat' dir='ltr'><strong>potest,</strong></span> <span class='ocrx_word' id='word_1_109' title='bbox 456 2175 494 2237; x_wconf 90' lang='lat' dir='ltr'><strong>et</strong></span> <span class='ocrx_word' id='word_1_110' title='bbox 516 2166 687 2248; x_wconf 87' lang='lat' dir='ltr'><strong>fraudem,</strong></span> <span class='ocrx_word' id='word_1_111' title='bbox 706 2175 747 2236; x_wconf 89' lang='lat' dir='ltr'><strong>ut</strong></span> <span class='ocrx_word' id='word_1_112' title='bbox 771 2167 915 2238; x_wconf 91' lang='lat' dir='ltr'><strong>interim</strong></span> <span class='ocrx_word' id='word_1_113' title='bbox 938 2169 1040 2240; x_wconf 90' lang='lat' dir='ltr'><strong>novis</strong></span> <span class='ocrx_word' id='word_1_114' title='bbox 1063 2171 1192 2265; x_wconf 88' lang='lat' dir='ltr'><strong>nuptiis</strong></span> 
     </span>
     <span class='ocr_line' id='line_1_17' title="bbox 146 2280 1191 2375; baseline 0.006 -23"><span class='ocrx_word' id='word_1_115' title='bbox 146 2281 244 2353; x_wconf 90' lang='lat' dir='ltr'><strong>locus</strong></span> <span class='ocrx_word' id='word_1_116' title='bbox 268 2304 345 2352; x_wconf 89' lang='lat' dir='ltr'><strong>esse</strong></span> <span class='ocrx_word' id='word_1_117' title='bbox 361 2282 481 2375; x_wconf 87' lang='lat' dir='ltr'><strong>possit,</strong></span> <span class='ocrx_word' id='word_1_118' title='bbox 500 2283 544 2351; x_wconf 91' lang='lat' dir='ltr'><strong>ad</strong></span> <span class='ocrx_word' id='word_1_119' title='bbox 563 2280 757 2354; x_wconf 90' lang='lat' dir='ltr'><strong>tollendam</strong></span> <span class='ocrx_word' id='word_1_120' title='bbox 781 2285 949 2355; x_wconf 89' lang='lat' dir='ltr'><strong>astutiam</strong></span> <span class='ocrx_word' id='word_1_121' title='bbox 966 2306 1113 2357; x_wconf 89' lang='lat' dir='ltr'><strong>omnem</strong></span> <span class='ocrx_word' id='word_1_122' title='bbox 1128 2286 1191 2358; x_wconf 87' lang='lat' dir='ltr'><strong>hoc</strong></span> 
     </span>
     <span class='ocr_line' id='line_1_18' title="bbox 145 2396 1192 2497; baseline 0.007 -29"><span class='ocrx_word' id='word_1_123' title='bbox 145 2400 214 2469; x_wconf 86' lang='lat' dir='ltr'><strong>iata</strong></span> <span class='ocrx_word' id='word_1_124' title='bbox 239 2396 319 2492; x_wconf 85' lang='lat' dir='ltr'><strong>lege</strong></span> <span class='ocrx_word' id='word_1_125' title='bbox 343 2410 569 2491; x_wconf 82' lang='lat' dir='ltr'><strong>praecavetur,</strong></span> <span class='ocrx_word' id='word_1_126' title='bbox 591 2408 633 2469; x_wconf 92' lang='lat' dir='ltr'><strong>ut</strong></span> <span class='ocrx_word' id='word_1_127' title='bbox 658 2399 837 2493; x_wconf 88' lang='lat' dir='ltr'><strong>pendente</strong></span> <span class='ocrx_word' id='word_1_128' title='bbox 862 2405 1104 2495; x_wconf 85' lang='lat' dir='ltr'><strong>controversia</strong></span> <span class='ocrx_word' id='word_1_129' title='bbox 1127 2405 1192 2497; x_wconf 91' lang='lat' dir='ltr'><strong>pri·</strong></span> 
     </span>
     <span class='ocr_line' id='line_1_19' title="bbox 146 2515 1190 2613; baseline 0.007 -28"><span class='ocrx_word' id='word_1_130' title='bbox 146 2516 215 2585; x_wconf 89' lang='lat' dir='ltr'><strong>oris</strong></span> <span class='ocrx_word' id='word_1_131' title='bbox 232 2515 459 2597; x_wconf 89' lang='lat' dir='ltr'><strong>matrimonii,</strong></span> <span class='ocrx_word' id='word_1_132' title='bbox 479 2524 595 2585; x_wconf 89' lang='lat' dir='ltr'><strong>totum</strong></span> <span class='ocrx_word' id='word_1_133' title='bbox 614 2539 772 2586; x_wconf 87' lang='lat' dir='ltr'><strong>mensem</strong></span> <span class='ocrx_word' id='word_1_134' title='bbox 790 2517 928 2588; x_wconf 88' lang='lat' dir='ltr'><strong>exitum</strong></span> <span class='ocrx_word' id='word_1_135' title='bbox 947 2515 1042 2590; x_wconf 91' lang='lat' dir='ltr'><strong>illius</strong></span> <span class='ocrx_word' id='word_1_136' title='bbox 1066 2543 1190 2613; x_wconf 84' lang='lat' dir='ltr'><strong>expec-</strong></span> 
     </span>
     <span class='ocr_line' id='line_1_20' title="bbox 145 2629 1188 2727; baseline 0.006 -27"><span class='ocrx_word' id='word_1_137' title='bbox 145 2639 234 2713; x_wconf 88' lang='lat' dir='ltr'><strong>tent,</strong></span> <span class='ocrx_word' id='word_1_138' title='bbox 258 2654 325 2701; x_wconf 91' lang='lat' dir='ltr'><strong>nec</strong></span> <span class='ocrx_word' id='word_1_139' title='bbox 350 2632 394 2700; x_wconf 91' lang='lat' dir='ltr'><strong>ad</strong></span> <span class='ocrx_word' id='word_1_140' title='bbox 422 2629 510 2702; x_wconf 91' lang='lat' dir='ltr'><strong>ullas</strong></span> <span class='ocrx_word' id='word_1_141' title='bbox 537 2633 678 2702; x_wconf 89' lang='lat' dir='ltr'><strong>interim</strong></span> <span class='ocrx_word' id='word_1_142' title='bbox 704 2656 813 2704; x_wconf 85' lang='lat' dir='ltr'><strong>novas</strong></span> <span class='ocrx_word' id='word_1_143' title='bbox 838 2636 979 2727; x_wconf 83' lang='lat' dir='ltr'><strong>nuptias</strong></span> <span class='ocrx_word' id='word_1_144' title='bbox 1004 2635 1188 2708; x_wconf 86' lang='lat' dir='ltr'><strong>divertant.</strong></span> 
     </span>
     <span class='ocr_line' id='line_1_21' title="bbox 146 2747 1189 2832; baseline 0.006 -16"><span class='ocrx_word' id='word_1_145' title='bbox 146 2747 263 2832; x_wconf 88' lang='lat' dir='ltr'><strong>Quam</strong></span> <span class='ocrx_word' id='word_1_146' title='bbox 287 2749 579 2818; x_wconf 87' lang='lat' dir='ltr'><strong>constitutionem</strong></span> <span class='ocrx_word' id='word_1_147' title='bbox 604 2758 758 2820; x_wconf 89' lang='lat' dir='ltr'><strong>nostram</strong></span> <span class='ocrx_word' id='word_1_148' title='bbox 782 2751 811 2820; x_wconf 89' lang='lat' dir='ltr'><strong>si</strong></span> <span class='ocrx_word' id='word_1_149' title='bbox 835 2748 982 2828; x_wconf 86' lang='lat' dir='ltr'><strong>levitate</strong></span> <span class='ocrx_word' id='word_1_150' title='bbox 1004 2774 1070 2823; x_wconf 86' lang='lat' dir='ltr'><strong>sua</strong></span> <span class='ocrx_word' id='word_1_151' title='bbox 1087 2751 1189 2822; x_wconf 90' lang='lat' dir='ltr'><strong>viola-</strong></span> 
     </span>
     <span class='ocr_line' id='line_1_22' title="bbox 144 2865 1190 2960; baseline 0.007 -25"><span class='ocrx_word' id='word_1_152' title='bbox 144 2865 420 2947; x_wconf 82' lang='lat' dir='ltr'><strong>verint,novum³</strong></span> <span class='ocrx_word' id='word_1_153' title='bbox 431 2891 536 2937; x_wconf 91' lang='lat' dir='ltr'><strong>omne</strong></span> <span class='ocrx_word' id='word_1_154' title='bbox 549 2866 749 2960; x_wconf 87' lang='lat' dir='ltr'><strong>hujusmodi</strong></span> <span class='ocrx_word' id='word_1_155' title='bbox 760 2866 1040 2940; x_wconf 73' lang='lat' dir='ltr'><strong>matrimonium⁴</strong></span> <span class='ocrx_word' id='word_1_156' title='bbox 1051 2871 1190 2943; x_wconf 86' lang='lat' dir='ltr'><strong>damna·</strong></span> 
     </span>
     <span class='ocr_line' id='line_1_23' title="bbox 145 2982 1189 3080; baseline 0.005 -26"><span class='ocrx_word' id='word_1_157' title='bbox 145 3006 224 3054; x_wconf 90' lang='lat' dir='ltr'><strong>mus</strong></span> <span class='ocrx_word' id='word_1_158' title='bbox 252 2994 290 3054; x_wconf 89' lang='lat' dir='ltr'><strong>et</strong></span> <span class='ocrx_word' id='word_1_159' title='bbox 318 2982 487 3067; x_wconf 66' lang='lat' dir='ltr'><strong>tollimus</strong></span> <span class='ocrx_word' id='word_1_160' title='bbox 514 2994 551 3054; x_wconf 90' lang='lat' dir='ltr'><strong>et</strong></span> <span class='ocrx_word' id='word_1_161' title='bbox 577 3007 734 3075; x_wconf 89' lang='lat' dir='ltr'><strong>persona,</strong></span> <span class='ocrx_word' id='word_1_162' title='bbox 758 3007 839 3076; x_wconf 87' lang='lat' dir='ltr'><strong>qnae</strong></span> <span class='ocrx_word' id='word_1_163' title='bbox 865 3009 926 3056; x_wconf 88' lang='lat' dir='ltr'><strong>rea</strong></span> <span class='ocrx_word' id='word_1_164' title='bbox 952 2985 1063 3058; x_wconf 89' lang='lat' dir='ltr'><strong>fuerit</strong></span> <span class='ocrx_word' id='word_1_165' title='bbox 1090 2987 1189 3080; x_wconf 87' lang='lat' dir='ltr'><strong>hujus</strong></span> 
     </span>
     <span class='ocr_line' id='line_1_24' title="bbox 145 3101 1188 3194; baseline 0.005 -23"><span class='ocrx_word' id='word_1_166' title='bbox 145 3101 365 3184; x_wconf 77' lang='lat' dir='ltr'><strong>defectionis,</strong></span> <span class='ocrx_word' id='word_1_167' title='bbox 398 3102 775 3172; x_wconf 85' lang='lat' dir='ltr'><strong>excommunicationis</strong></span> <span class='ocrx_word' id='word_1_168' title='bbox 814 3125 955 3194; x_wconf 87' lang='lat' dir='ltr'><strong>poenam</strong></span> <span class='ocrx_word' id='word_1_169' title='bbox 992 3105 1188 3184; x_wconf 85' lang='lat' dir='ltr'><strong>sustinebit.</strong></span> 
     </span>
     <span class='ocr_line' id='line_1_25' title="bbox 145 3216 969 3310; baseline -0.004 -23"><span class='ocrx_word' id='word_1_170' title='bbox 145 3218 259 3288; x_wconf 84' lang='lat' dir='ltr'><strong>donec</strong></span> <span class='ocrx_word' id='word_1_171' title='bbox 278 3241 437 3310; x_wconf 86' lang='lat' dir='ltr'><strong>personae</strong></span> <span class='ocrx_word' id='word_1_172' title='bbox 456 3217 667 3287; x_wconf 86' lang='lat' dir='ltr'><strong>satisfecerit</strong></span> <span class='ocrx_word' id='word_1_173' title='bbox 684 3237 705 3285; x_wconf 85' lang='lat' dir='ltr'><strong>a</strong></span> <span class='ocrx_word' id='word_1_174' title='bbox 723 3238 793 3308; x_wconf 90' lang='lat' dir='ltr'><strong>qua</strong></span> <span class='ocrx_word' id='word_1_175' title='bbox 810 3216 969 3286; x_wconf 88' lang='lat' dir='ltr'><strong>descivit.</strong></span> 
     </span>
    </p>
   </div>
   <div class='ocr_carea' id='block_1_4' title="bbox 145 3444 1223 4129">
    <p class='ocr_par' dir='ltr' id='par_1_5' title="bbox 339 3444 999 3532">
     <span class='ocr_line' id='line_1_26' title="bbox 339 3444 999 3532; baseline 0 -22"><span class='ocrx_word' id='word_1_176' title='bbox 339 3445 414 3529; x_wconf 76' lang='lat' dir='ltr'><strong>Gap.</strong></span> <span class='ocrx_word' id='word_1_177' title='bbox 435 3462 462 3528; x_wconf 90' lang='lat'><strong>7.</strong></span> <span class='ocrx_word' id='word_1_178' title='bbox 489 3445 564 3524; x_wconf 71' lang='lat' dir='ltr'><strong>Qum</strong></span> <span class='ocrx_word' id='word_1_179' title='bbox 579 3444 806 3508; x_wconf 74' lang='lat' dir='ltr'><strong>matrimonium</strong></span> <span class='ocrx_word' id='word_1_180' title='bbox 820 3444 999 3532; x_wconf 77' lang='lat' dir='ltr'><strong>impedi-out.</strong></span> 
     </span>
    </p>

    <p class='ocr_par' dir='ltr' id='par_1_6' title="bbox 145 3567 1223 4129">
     <span class='ocr_line' id='line_1_27' title="bbox 192 3567 1188 3660; baseline 0.003 -23"><span class='ocrx_word' id='word_1_181' title='bbox 192 3569 352 3652; x_wconf 76' lang='lat' dir='ltr'><strong>Quorum</strong></span> <span class='ocrx_word' id='word_1_182' title='bbox 372 3578 499 3638; x_wconf 86' lang='lat' dir='ltr'><strong>natura</strong></span> <span class='ocrx_word' id='word_1_183' title='bbox 514 3570 661 3660; x_wconf 91' lang='lat' dir='ltr'><strong>pereuni</strong></span> <span class='ocrx_word' id='word_1_184' title='bbox 677 3569 796 3660; x_wconf 87' lang='lat' dir='ltr'><strong>aliqua</strong></span> <span class='ocrx_word' id='word_1_185' title='bbox 813 3567 913 3638; x_wconf 88' lang='lat' dir='ltr'><strong>clade</strong></span> <span class='ocrx_word' id='word_1_186' title='bbox 930 3569 981 3639; x_wconf 85' lang='lat' dir='ltr'><strong>sic</strong></span> <span class='ocrx_word' id='word_1_187' title='bbox 998 3579 1188 3642; x_wconf 87' lang='lat' dir='ltr'><strong>extenuata</strong></span> 
     </span>
     <span class='ocr_line' id='line_1_28' title="bbox 146 3681 1188 3778; baseline 0.001 -25"><span class='ocrx_word' id='word_1_188' title='bbox 146 3693 209 3764; x_wconf 83' lang='lat' dir='ltr'><strong>est,</strong></span> <span class='ocrx_word' id='word_1_189' title='bbox 229 3693 269 3754; x_wconf 91' lang='lat' dir='ltr'><strong>ut</strong></span> <span class='ocrx_word' id='word_1_190' title='bbox 286 3705 425 3775; x_wconf 83' lang='lat' dir='ltr'><strong>prorsus</strong></span> <span class='ocrx_word' id='word_1_191' title='bbox 438 3681 589 3753; x_wconf 89' lang='lat' dir='ltr'><strong>Veneris</strong></span> <span class='ocrx_word' id='word_1_192' title='bbox 607 3685 796 3776; x_wconf 86' lang='lat' dir='ltr'><strong>participes</strong></span> <span class='ocrx_word' id='word_1_193' title='bbox 814 3705 890 3754; x_wconf 87' lang='lat' dir='ltr'><strong>esse</strong></span> <span class='ocrx_word' id='word_1_194' title='bbox 908 3707 977 3778; x_wconf 88' lang='lat' dir='ltr'><strong>non</strong></span> <span class='ocrx_word' id='word_1_195' title='bbox 998 3688 1143 3777; x_wconf 80' lang='lat' dir='ltr'><strong>possint,</strong></span> <span class='ocrx_word' id='word_1_196' title='bbox 1154 3696 1188 3755; x_wconf 88' lang='lat' dir='ltr'><strong>et</strong></span> 
     </span>
     <span class='ocr_line' id='line_1_29' title="bbox 146 3798 1188 3893; baseline 0.003 -24"><span class='ocrx_word' id='word_1_197' title='bbox 146 3799 228 3871; x_wconf 87' lang='lat' dir='ltr'><strong>hoc⁵</strong></span> <span class='ocrx_word' id='word_1_198' title='bbox 238 3800 423 3893; x_wconf 84' lang='lat' dir='ltr'><strong>conjugem</strong></span> <span class='ocrx_word' id='word_1_199' title='bbox 435 3798 758 3892; x_wconf 88' lang='lat' dir='ltr'><strong>lateat,quanqnam</strong></span> <span class='ocrx_word' id='word_1_200' title='bbox 768 3822 958 3870; x_wconf 88' lang='lat' dir='ltr'><strong>consensus</strong></span> <span class='ocrx_word' id='word_1_201' title='bbox 969 3811 1119 3874; x_wconf 88' lang='lat' dir='ltr'><strong>mutuus</strong></span> <span class='ocrx_word' id='word_1_202' title='bbox 1131 3825 1188 3873; x_wconf 82' lang='lat' dir='ltr'><strong>cx·</strong></span> 
     </span>
     <span class='ocr_line' id='line_1_30' title="bbox 145 3916 1223 4008; baseline 0.001 -21"><span class='ocrx_word' id='word_1_203' title='bbox 145 3918 271 3999; x_wconf 89' lang='lat' dir='ltr'><strong>titerit‚</strong></span> <span class='ocrx_word' id='word_1_204' title='bbox 283 3928 321 3988; x_wconf 90' lang='lat' dir='ltr'><strong>et</strong></span> <span class='ocrx_word' id='word_1_205' title='bbox 334 3917 428 3985; x_wconf 77' lang='lat' dir='ltr'><strong>onrrri</strong></span> <span class='ocrx_word' id='word_1_206' title='bbox 444 3916 578 4008; x_wconf 88' lang='lat' dir='ltr'><strong>rcliqua</strong></span> <span class='ocrx_word' id='word_1_207' title='bbox 595 3918 794 3988; x_wconf 87' lang='lat' dir='ltr'><strong>ceremonia</strong></span> <span class='ocrx_word' id='word_1_208' title='bbox 807 3919 1071 3989; x_wconf 87' lang='lat' dir='ltr'><strong>matrimonium</strong></span> <span class='ocrx_word' id='word_1_209' title='bbox 1087 3921 1223 3992; x_wconf 80' lang='lat' dir='ltr'><strong>fueritn</strong></span> 
     </span>
     <span class='ocr_line' id='line_1_31' title="bbox 145 4033 1186 4129; baseline 0 -25"><span class='ocrx_word' id='word_1_210' title='bbox 145 4057 377 4129; x_wconf 84' lang='lat' dir='ltr'><strong>progressum,</strong></span> <span class='ocrx_word' id='word_1_211' title='bbox 393 4042 512 4102; x_wconf 89' lang='lat' dir='ltr'><strong>tamen</strong></span> <span class='ocrx_word' id='word_1_212' title='bbox 527 4056 649 4103; x_wconf 88' lang='lat' dir='ltr'><strong>verum</strong></span> <span class='ocrx_word' id='word_1_213' title='bbox 668 4034 704 4103; x_wconf 93' lang='lat' dir='ltr'><strong>in</strong></span> <span class='ocrx_word' id='word_1_214' title='bbox 723 4033 925 4125; x_wconf 86' lang='lat' dir='ltr'><strong>hujusmodi</strong></span> <span class='ocrx_word' id='word_1_215' title='bbox 943 4036 1186 4126; x_wconf 88' lang='lat' dir='ltr'><strong>conjunctione</strong></span> 
     </span>
    </p>
   </div>
   <div class='ocr_carea' id='block_1_5' title="bbox 189 4193 1153 4342">
    <p class='ocr_par' dir='ltr' id='par_1_7' title="bbox 189 4193 1153 4342">
     <span class='ocr_line' id='line_1_32' title="bbox 189 4193 1153 4275; baseline 0.004 -18"><span class='ocrx_word' id='word_1_216' title='bbox 189 4198 195 4236; x_wconf 92' lang='lat'><strong>¹</strong></span> <span class='ocrx_word' id='word_1_217' title='bbox 212 4199 400 4275; x_wconf 83' lang='lat' dir='ltr'><strong>conjunxerit,</strong></span> <span class='ocrx_word' id='word_1_218' title='bbox 416 4218 522 4273; x_wconf 66' lang='lat' dir='ltr'><strong>parnas.</strong></span> <span class='ocrx_word' id='word_1_219' title='bbox 665 4234 667 4236; x_wconf 95' lang='lat'>-</span> <span class='ocrx_word' id='word_1_220' title='bbox 687 4193 699 4230; x_wconf 79' lang='lat'><strong>²</strong></span> <span class='ocrx_word' id='word_1_221' title='bbox 713 4199 848 4256; x_wconf 78' lang='lat' dir='ltr'><strong>Ecclesia.</strong></span> <span class='ocrx_word' id='word_1_222' title='bbox 1014 4203 1153 4262; x_wconf 79' lang='lat' dir='ltr'><strong>³uomen.</strong></span> 
     </span>
     <span class='ocr_line' id='line_1_33' title="bbox 346 4280 986 4342; baseline 0.006 -6"><span class='ocrx_word' id='word_1_223' title='bbox 346 4288 359 4325; x_wconf 79' lang='lat'><strong>⁴</strong></span> <span class='ocrx_word' id='word_1_224' title='bbox 374 4281 554 4337; x_wconf 86' lang='lat' dir='ltr'><strong>matrimonii.</strong></span> <span class='ocrx_word' id='word_1_225' title='bbox 839 4280 850 4317; x_wconf 79' lang='lat'>⁵</span> <span class='ocrx_word' id='word_1_226' title='bbox 865 4281 919 4338; x_wconf 90' lang='lat' dir='ltr'><strong>hoc</strong></span> <span class='ocrx_word' id='word_1_227' title='bbox 934 4302 986 4342; x_wconf 86' lang='lat' dir='ltr'><strong>om.</strong></span> 
     </span>
    </p>
   </div>
   <div class='ocr_carea' id='block_1_6' title="bbox 0 0 1350 4800">
    <p class='ocr_par' dir='ltr' id='par_1_8' title="bbox 0 0 1350 4800">
     <span class='ocr_line' id='line_1_34' title="bbox 0 0 1350 4800; baseline 0 1"><span class='ocrx_word' id='word_1_228' title='bbox 0 0 1350 4800; x_wconf 95' lang='lat' dir='ltr'><strong> </strong></span> 
     </span>
    </p>
   </div>
  </div>
 </body>
</html>
