2692 4800
90 310 111 358 ι.
362 311 412 363 nr
436 311 638 363 ruucruurr
664 310 900 362 nrnucrrcun
925 288 989 361 &c
1134 286 1202 359 168

184 1018 243 1082 DE
267 1015 530 1084 Fuucruuu
555 1014 852 1083 DEDUOTIONE
877 1014 971 1080 VEL
993 1012 1180 1095 SEQUES*
1213 1007 1253 1090 78

312 1142 554 1222 TRATIONE,
578 1142 641 1207 U'l'
665 1141 823 1207 VULGO
846 1140 1046 1220 DIOITUR,

372 1271 583 1339 PROPTER
605 1271 778 1337 vnulns
801 1270 988 1338 CAUSAS.

277 1475 356 1562 Cep.
370 1495 399 1540 1.
422 1475 516 1540 uasto
530 1473 769 1561 scpuaectraticnu
783 1474 886 1560 preciis
898 1495 955 1540 esec
969 1472 1081 1538 deleat

204 1629 419 1723 Quicunque
438 1628 620 1700 beneficiis
643 1627 887 1700 ecclesiasticis
906 1628 1082 1708 fruuntur,
1099 1648 1202 1718 supe-

156 1748 283 1819 riorem
307 1744 433 1838 templi
458 1753 606 1839 partem,
627 1768 733 1838 quam
757 1744 951 1817 cancellum
977 1752 1114 1827 vocent,
1131 1765 1202 1814 sur·

156 1872 228 1935 turn
251 1870 386 1934 tectum
409 1883 614 1932 conservare
643 1861 785 1944 debent,
804 1873 842 1933 et
867 1869 1065 1933 ceterorum
1091 1860 1201 1932 etiam

156 1977 381 2051 edifioiorum
421 1978 691 2049 convenientem
734 1979 908 2049 rationem
947 1976 1087 2060 hebere,
1121 1999 1201 2071 quse

155 2116 254 2166 susm
272 2094 316 2165 ed
334 2093 519 2166 ecclesium
538 2094 729 2186 pertinent.
781 2093 958 2165 Praeteres
975 2115 1200 2186 quaecunque

152 2213 321 2305 impensu
348 2210 392 2282 cd
424 2209 566 2281 illorum
592 2233 711 2281 curam
741 2211 940 2280 referuntur
965 2210 1123 2282 ecclesiae
1147 2231 1201 2280 re-

155 2338 288 2423 spectu,
315 2327 393 2399 illus
421 2327 556 2399 debent
581 2349 704 2398 omnes
735 2326 963 2398 facultatibus
988 2327 1060 2398 suis
1087 2327 1201 2399 fucere

154 2454 191 2517 et
220 2453 430 2528 sustentare,
458 2446 532 2516 sive
554 2445 615 2538 jus
644 2445 696 2514 ita
729 2445 898 2536 scripturn
926 2442 1093 2538 postulet,
1128 2444 1201 2514 sire

154 2561 314 2657 legitime
347 2560 414 2633 loci
449 2560 679 2632 consuetudo.
742 2558 847 2643 Quod
881 2560 910 2631 si
947 2569 1115 2632 recusent
1150 2559 1201 2630 fu·

152 2700 243 2760 cere,
271 2675 494 2748 deducentur
527 2675 685 2748 ccclesiae
720 2676 865 2757 fructus,
893 2684 932 2748 et
956 2673 1002 2746 ab
1028 2674 1097 2746 illis
1122 2683 1201 2746 teu·

152 2790 263 2884 tirper
303 2789 544 2875 detineantur,
579 2791 692 2863 donec
728 2793 867 2885 integre
904 2812 1007 2860 suum
1044 2787 1199 2859 officium

152 2916 190 2979 et
216 2905 361 2999 explete
387 2908 638 2999 proestiterint:
669 2915 707 2977 et
736 2907 963 2977 cumulentur
987 2904 1064 2977 eliis
1090 2905 1197 2976 etiem

152 3021 398 3094 ecclesiacticis
427 3024 548 3116 poenis,
576 3023 603 3092 si
629 3023 811 3116 judicibus
836 3023 873 3093 id
899 3021 978 3092 illos
1005 3022 1197 3114 promereri

150 3136 340 3210 ridebitur.
408 3136 489 3222 Quo
530 3139 565 3207 in
601 3136 680 3207 loco
713 3137 850 3207 nullum
891 3147 933 3208 ut
969 3135 1039 3207 illis
1077 3136 1197 3229 profu·

150 3252 248 3348 giurn
281 3252 513 3345 relinquetur,
547 3253 683 3324 fructus
716 3252 945 3324 ecclesiarum
985 3252 1061 3325 erui
1099 3251 1196 3324 volu·

149 3390 239 3451 mus,
264 3367 341 3440 sive
367 3369 618 3461 proprietarius
644 3391 714 3452 ecs,
736 3370 810 3440 sive
835 3368 993 3450 colonus,
1020 3369 1094 3440 sive
1117 3370 1195 3462 quis

148 3484 228 3555 illos
250 3483 340 3555 clius
359 3492 423 3555 cut
446 3485 641 3578 perceperit
658 3493 722 3554 eut
743 3491 972 3576 percepturus
993 3484 1049 3554 sit.
1101 3482 1194 3556 Cum

147 3609 269 3672 cutem
290 3600 366 3671 haec
388 3600 568 3670 fructuum
592 3601 659 3669 erit
682 3599 848 3669 deductio
866 3601 987 3692 (quem
1012 3598 1119 3694 vulgo
1142 3621 1195 3671 se·

147 3717 424 3811 questrctionem
443 3720 585 3808 vocant)
603 3715 653 3785 illi
678 3736 826 3808 quorum
846 3714 928 3785 fidei
946 3715 1082 3786 fructus
1099 3736 1195 3786 com·

146 3835 350 3917 mittuntur,
375 3832 428 3902 rel
458 3832 598 3903 illorum
627 3831 777 3925 legitimi
806 3832 935 3915 vicarii,
959 3840 1107 3925 possunt
1134 3853 1194 3903 ecs

146 3949 350 4030 distrahere,
376 3958 414 4017 et
439 3948 623 4041 pecuniam
651 3947 703 4018 ite
731 3945 904 4018 collocare
930 3949 1107 4040 quomodo
1133 3971 1194 4020 ne·

145 4066 295 4138 oesoerie
316 4063 472 4158 postulat
493 4063 650 4134 ecclesie
672 4065 772 4134 retio.
826 4062 874 4134 Et
897 4063 965 4136 lroc
988 4066 1095 4136 etium
1114 4087 1193 4158 prc-

145 4183 289 4255 ridecnt
323 4181 503 4252 fructuum
547 4181 782 4262 distractores,
817 4189 857 4250 ut
892 4182 1012 4251 omniu
1047 4182 1192 4252 interim

144 4297 300 4370 ecclesie
323 4297 441 4368 diviua
461 4295 732 4389 suppeditentur
755 4295 877 4368 officis
929 4294 1086 4367 'landem
1109 4317 1191 4367 vero

644 4417 715 4482 ut
