2692 4800
515 323 563 373 ns
588 323 831 374 nnmrnomo.
1151 309 1198 378 45

148 485 255 559 stare,
277 478 390 570 poeuis
414 476 640 570 implicentur
661 478 919 558 ecclesiasticis,
937 486 975 549 ct
998 480 1034 548 in
1059 481 1200 553 easdem

147 591 247 662 aedes
264 592 533 685 compellantur,
551 604 588 662 et
609 593 717 664 etiam
740 604 951 663 revocentur
967 594 1011 663 ad
1031 596 1088 685 pia
1108 595 1202 665 inter

145 731 186 777 se
200 711 496 781 communicanda
509 709 723 780 matrimonii
742 709 867 792 officia,
882 711 987 780 modo
1006 709 1092 779 nulli
1113 710 1201 781 tales

146 848 253 896 casus
284 826 481 907 inciderint,
513 838 657 919 propter
686 850 773 920 quos
801 828 876 919 ipso
901 829 983 919 jure
1011 829 1200 900 divortium

145 951 275 1033 petere
292 941 409 1013 liceat.

218 1120 296 1205 Gap.
310 1139 359 1183 12.
384 1121 589 1184 Matrimonia
604 1121 636 1184 oi
649 1131 677 1185 et
692 1131 770 1186 ructu
784 1131 938 1186 contracta
954 1143 1012 1185 non
1030 1120 1137 1185 cabad.
1211 1156 1251 1205 22

202 1233 417 1304 Summotim
450 1233 515 1304 hoc
545 1235 588 1304 ad
618 1237 737 1305 omnia
769 1237 995 1306 matrimonia
1026 1229 1214 1328 pertinere*

147 1349 328 1432 volumus,
354 1359 395 1419 ut
422 1352 450 1420 si
482 1351 533 1419 vis
570 1360 607 1422 et
637 1362 754 1421 metus
784 1351 846 1421 illa
877 1353 1069 1446 coegerint,
1096 1354 1202 1423 modo

145 1476 256 1537 tauta
272 1467 404 1538 fuerint
422 1478 462 1536 nt
480 1469 514 1537 in
535 1469 624 1538 viros
643 1478 845 1539 constantes
860 1469 968 1560 juxta
979 1469 1072 1561 juris
1089 1468 1202 1539 civilis

146 1581 349 1651 doctrinam
375 1581 500 1651 cadere
525 1583 718 1673 potuerint,
741 1583 886 1652 omnino
913 1580 1001 1651 tales
1029 1580 1202 1651 violentes

146 1698 287 1789 nuptiae
304 1696 554 1778 distrabantur,
571 1706 609 1767 et
627 1721 688 1789 pro
707 1696 812 1766 nullis
830 1696 1038 1767 habeantur.
1082 1696 1202 1781 Quan-

146 1837 259 1906 quam
283 1814 488 1885 difficillime
513 1816 655 1908 quidem
680 1828 717 1885 et
743 1817 800 1886 vix
825 1816 882 1886 lrae
906 1816 1133 1886 difficultates
1156 1817 1200 1886 ad

146 1930 418 2000 matrimonImn
444 1932 636 2024 irrumpere
653 1944 811 2024 possunt,
829 1934 856 2002 si
885 1932 1062 2025 legitimos
1080 1953 1202 2000 omnes

146 2047 244 2116 ritus
262 2044 399 2127 babeat,
418 2057 456 2117 et
479 2057 555 2118 tota
579 2047 793 2142 perpolitum
817 2050 863 2117 sit
887 2046 947 2118 illa
965 2047 1077 2117 founa
1094 2068 1199 2138 quam

145 2173 238 2235 ante
264 2164 453 2255 posuimus,
474 2173 593 2233 tamen
623 2164 671 2234 vis
698 2175 735 2233 et
762 2174 888 2244 metus,
911 2164 936 2233 si
966 2163 1039 2233 ulla
1065 2164 1201 2233 ratione

146 2280 331 2364 irruerint,
361 2281 626 2350 matrimonium
655 2304 700 2350 ex
732 2280 800 2350 illis
828 2302 1031 2372 expressum
1062 2301 1201 2371 prorsus

147 2395 295 2468 dissolvi
314 2397 441 2489 placet.

226 2569 303 2668 (lap.
321 2603 368 2670 13.
398 2583 439 2648 Ut
453 2591 565 2649 matres
574 2587 717 2671 propriis
731 2584 869 2649 uberibus
884 2583 1019 2668 insontes
1032 2582 1130 2648 alant.

206 2697 423 2767 Inveteravit
446 2699 479 2767 in
506 2722 656 2768 uxorum
675 2699 831 2768 moribus
854 2700 1002 2768 nimium
1022 2696 1139 2767 mollis
1164 2705 1201 2767 et

149 2812 307 2884 delicata
320 2813 547 2896 consuetudo,
563 2836 661 2885 suam
677 2824 716 2884 ut
730 2815 863 2908 prolem
882 2838 903 2885 a
920 2813 1068 2908 propriis
1086 2813 1202 2883 uberi-

149 2931 222 3000 bus
238 2928 415 3023 ablegeut,
430 2939 467 2999 et
480 2930 524 2999 ad
537 2928 623 3000 alias
640 2932 795 3001 nutrices
812 2932 1013 3002 amendant.
1040 2929 1129 3014 Quae
1146 2952 1201 2999 res

150 3069 237 3116 cum
270 3045 476 3138 plerumque
509 3044 615 3116 nullis
644 3046 882 3139 probabilibus
912 3045 1026 3117 causis
1057 3047 1201 3127 nitatur,

150 3162 217 3233 sed
249 3172 371 3232 tenera
402 3163 551 3254 quadam
587 3185 730 3232 suorum
761 3185 946 3256 corporum
982 3161 1202 3256 indulgentia

152 3275 246 3362 liat¹,
263 3290 304 3348 ut
330 3279 395 3348 sibi
421 3280 504 3370 ipsae
530 3290 686 3371 parcant,
710 3289 748 3350 et
771 3280 937 3350 honestos
962 3290 1000 3350 et
1026 3277 1202 3350 naturales

152 3396 374 3473 educationis
398 3394 533 3466 labores
554 3396 824 3489 subterfugiant,
844 3405 881 3466 et
904 3417 986 3465 curn
1005 3394 1078 3465 haec
1099 3394 1202 3465 inhu-

151 3537 259 3585 mana
281 3522 433 3582 matrum
459 3522 497 3582 et
518 3513 672 3606 degener
688 3513 827 3607 ignavia
847 3511 1040 3582 multorum
1059 3533 1201 3581 causam

154 3631 328 3701 malorum
352 3628 485 3712 afferat,
507 3630 551 3699 ad
576 3629 729 3700 officium
754 3630 1041 3700 concionatorum
1066 3636 1202 3698 nostro·

152 3771 233 3818 rum
250 3747 462 3818 arbitramur
485 3746 671 3838 pertinere,
689 3756 820 3816 matres
844 3755 885 3815 ut
902 3744 1134 3815 cohortentur
1158 3767 1202 3813 ne

153 3865 288 3958 prolem
315 3866 351 3933 in
378 3863 493 3933 lucem
519 3862 651 3932 editam
679 3861 918 3933 inhumaniter
941 3860 1147 3941 destituant,
1165 3872 1202 3930 et

153 3980 367 4052 beneficium
407 3979 476 4051 illis
516 3980 665 4051 uberum
708 4001 850 4049 suorum
889 3988 1034 4071 negent,
1076 3978 1202 4070 quibus

153 4097 259 4191 paulo
282 4109 366 4166 ante
389 4097 600 4168 beneficium
625 4097 893 4190 impartivenrnt
917 4117 1060 4166 suorum
1084 4103 1202 4163 utero-

151 4238 228 4284 rum
249 4223 287 4283 et
307 4212 490 4283 viscerum.

576 4346 583 4355 ·
645 4321 708 4385 'fit
