2692 4800
146 282 193 348 82
455 297 505 347 nn
530 295 890 348 nmamnarromnus.
1231 292 1252 345 o

145 449 341 522 cancellum
370 460 509 531 vocant,
535 462 598 523 aut
625 451 713 523 alias
743 469 972 544 quascunque
1000 446 1126 518 domos
1151 447 1192 518 ad

145 565 304 639 ecclesiae
331 568 392 662 jus
426 578 638 661 spectantes,
663 569 822 639 ruinosas
850 575 915 637 aut
943 565 1090 637 vitiosas
1119 561 1193 634 reli-

145 685 274 776 querit,
305 693 368 756 aut
400 707 542 779 prorsus
575 707 723 769 eversas,
758 683 950 756 successori
984 680 1111 753 licebit
1141 680 1192 750 rel

145 800 302 873 haeredes
335 800 393 872 vel
432 801 606 874 bonorum
644 802 946 873 administratores
982 820 1193 893 quocunque

145 918 290 990 nomine
307 927 527 1002 censeantur,
546 926 690 1013 propter
706 919 836 990 damna
853 913 998 988 talium¹
1016 915 1193 987 ruinarum

146 1042 186 1105 et
214 1035 382 1106 vitiorum
410 1035 494 1128 jure
523 1035 722 1106 convenire.
775 1032 941 1126 Spatium
967 1041 1094 1104 tamen
1118 1052 1195 1124 pos·

146 1149 309 1221 sessionis
326 1151 395 1220 erit
412 1150 716 1221 considerandum.
757 1148 864 1234 Quod
881 1149 911 1220 si
928 1157 1049 1219 totum
1066 1170 1194 1219 annum

147 1287 219 1336 non
241 1265 452 1359 impleverit,
474 1265 564 1337 nihil
589 1265 846 1360 postulabitur:
878 1274 1055 1358 quantum
1079 1274 1195 1336 autem

147 1404 240 1453 anno
274 1381 383 1453 fuerit
416 1380 581 1476 amplius,
611 1381 657 1453 ad
688 1381 725 1451 id
754 1382 902 1474 equitas
925 1381 1059 1474 judicis
1088 1378 1196 1453 eccle-

147 1496 279 1570 siastici
296 1497 534 1570 satisfaciendi
553 1497 728 1569 rationem
746 1498 1042 1570 accommodabit.
1090 1495 1196 1569 Deni-

147 1636 217 1706 que
235 1614 264 1684 si
281 1613 470 1706 quicquam
483 1613 520 1685 in
535 1612 661 1685 talium
676 1615 902 1686 aedificiorum
920 1613 1100 1708 impensas
1115 1637 1196 1708 qua·

148 1752 289 1822 cunque
306 1730 442 1800 ratione
459 1728 629 1800 collatum
648 1729 767 1815 fuerit,
785 1739 824 1802 et
843 1730 879 1801 id
896 1753 1082 1824 nunquam
1102 1732 1140 1802 in
1155 1753 1194 1802 eo

148 1847 311 1917 minister
335 1845 528 1930 collocarit,
545 1845 704 1917 haeredes
729 1845 787 1917 vel
812 1846 1116 1918 administratores
1139 1857 1228 1920 ιιι-40

149 1970 338 2035 numerent
367 1963 569 2043 successori,
595 1970 638 2032 ut
668 1963 697 2033 is
727 1962 764 2032 in
789 1970 864 2033 tarn
886 1961 981 2034 bona
1010 1984 1121 2034 causa
1142 1983 1193 2034 su·

149 2077 294 2171 perioris
312 2077 418 2149 fidem
437 2075 585 2148 liberare
602 2078 722 2170 possit.

227 2389 305 2473 (lap.
314 2402 347 2473 5.
370 2387 487 2452 Baiae
501 2387 706 2476 edsfioiomm
719 2389 764 2455 ad
776 2390 912 2456 marias
925 2389 1124 2472 msam,

289 2489 426 2577 anapia,
442 2500 470 2556 et
483 2490 667 2557 reomela
674 2494 908 2578 porticorum,
921 2495 1067 2579 womodo

526 2595 731 2660 resarciendae
745 2607 824 2661 aaut.

201 2742 338 2813 Eadem
368 2766 510 2835 quoque
543 2745 589 2814 sit
624 2742 684 2815 lex
715 2744 760 2815 de
791 2743 1041 2815 reaedificandis
1076 2756 1114 2816 et
1147 2768 1198 2816 re

151 2858 315 2953 parandis
338 2858 512 2941 domibus,
531 2883 612 2952 quae
635 2861 859 2954 assignantur
877 2858 948 2931 illis
973 2860 1199 2932 ecclesiarum

151 2976 393 3060 beneficiariis,
413 2999 501 3068 quos
522 2977 630 3072 vulgo
652 2979 814 3060 decanos,
839 2978 1112 3071 praebendarios,
1129 3005 1201 3053 ma·

151 3095 279 3188 gistros
305 3091 535 3188 collegiorum
561 3103 624 3164 aut
650 3093 878 3186 hospitalium
906 3104 1046 3181 vocant,
1070 3097 1145 3168 sive
1165 3099 1199 3168 in

152 3211 298 3282 urbibus
321 3212 395 3282 sive
418 3210 489 3280 ruri
513 3211 592 3282 sitae
617 3210 759 3281 fuerint.
811 3209 898 3281 Illos
916 3220 1037 3282 tamen
1060 3214 1105 3284 ad
1122 3213 1210 3284 aedi-

154 3327 234 3398 ficia
260 3328 331 3396 ruri
363 3326 442 3411 sita,
470 3325 526 3396 vel
557 3325 674 3396 denuo
702 3328 900 3397 extruenda
931 3326 987 3398 vel
1015 3328 1229 3401 reficienda.

154 3442 300 3537 astringi
334 3440 509 3523 nolumus,
544 3466 622 3535 quae
656 3444 746 3513 citra
786 3444 910 3538 viginti
945 3446 1245 3518 recentissimos

155 3581 264 3630 annos
281 3558 478 3630 inhabitata
495 3582 566 3630 non
584 3559 727 3630 fuerint.

607 3770 617 3814 ¹
634 3773 732 3830 talium
747 3793 797 3830 mn.
