2692 4800
468 321 517 371 nn
542 321 788 372 mrnunmonn
811 300 876 372 &o
1146 307 1193 373 83

193 958 266 1030 DE
305 957 670 1033 ALIENATIONE
711 959 771 1031 ET
816 958 1145 1033 ELOCATIONE

260 1091 526 1168 BONORUM
555 1093 1084 1167 EOCLESIASTICORUM.

202 1285 284 1372 Gap.
306 1307 331 1350 ι.
354 1287 451 1353 Nilil
462 1287 597 1353 alienari
603 1310 691 1373 posse
704 1287 744 1353 al
758 1289 900 1354 Ecclesia
914 1291 981 1355 riae
995 1310 1137 1354 comana

499 1391 657 1458 ordinmii
670 1403 699 1457 et
704 1394 846 1479 patroni.

195 1511 269 1596 Qui
286 1512 525 1607 gubernandis
542 1514 700 1586 ecclesiis
716 1515 851 1588 admoti
869 1525 965 1599 sunt,
979 1538 1045 1586 nec
1063 1516 1196 1599 domos,

145 1651 213 1699 neo
247 1651 361 1723 agros,
392 1653 457 1701 neo
490 1630 581 1702 ullas
614 1631 842 1702 ecclesiarum
869 1632 1105 1724 possessiones
1134 1642 1198 1702 aut

146 1745 286 1817 fructus
312 1746 477 1830 vendent,
503 1747 769 1840 permutabunt,
796 1749 989 1832 donabunt,
1019 1758 1083 1820 aut
1111 1772 1198 1841 quo-

147 1885 289 1956 eunque
311 1886 442 1957 genere
465 1873 669 1935 contractus
692 1864 748 1935 vel
773 1866 1017 1936 conventionis
1038 1866 1074 1935 in
1092 1889 1197 1938 omne

148 1989 291 2073 tempus
314 1978 576 2062 abalienabunt,
593 1981 660 2052 nisi
684 2004 787 2053 suum
809 1990 980 2075 patronus
1002 1989 1040 2051 et
1063 1982 1198 2074 episco-

148 2117 213 2188 pus
231 2117 440 2167 consensum
459 2097 743 2191 interposuerint

290 2305 366 2393 Gap.
385 2325 412 2372 2.
436 2305 576 2372 Εῑοσαίίο
590 2305 925 2394 quemadmodemficn‘
939 2306 1053 2372 debeat.

197 2430 327 2502 Omnis
361 2430 682 2502 emolumentorum
717 2429 1035 2501 ecclesiasticorum
1068 2428 1197 2501 locatio

149 2548 319 2618 consistat
348 2547 441 2617 intra
471 2547 595 2619 decern
626 2570 745 2629 annos,
774 2545 830 2618 vel
860 2544 955 2616 ultra
984 2547 1197 2618 decennium

148 2687 218 2736 non
262 2670 436 2745 excurrat,
471 2685 537 2735 nec
579 2684 818 2734 successorum
861 2670 1001 2754 tempus
1036 2674 1196 2757 occupet.

150 2778 248 2852 Nom
266 2777 486 2872 experientia
503 2778 693 2872 saepissime
710 2778 799 2849 tales
816 2778 1010 2849 locationes
1028 2780 1197 2873 coarguit,

149 2897 245 2990 quod
262 2917 502 2967 successorum
527 2896 562 2965 in
583 2894 653 2965 illis
668 2895 729 2987 jus
752 2904 874 2987 aperte
891 2892 1045 2964 violatur
1066 2894 1113 2966 sb
1133 2893 1196 2978 bis,

149 3013 209 3105 qni
235 3013 368 3105 priores
394 3013 431 3081 in
456 3010 518 3081 illo
544 3033 691 3081 munere
719 3012 846 3081 versati
874 3019 978 3094 suut;
1010 3011 1075 3081 nisi
1106 3010 1198 3082 forte

149 3128 345 3199 necessaria
361 3127 431 3197 fuit
445 3126 501 3199 vel
519 3125 617 3197 utilis
635 3125 772 3197 locandi
790 3149 895 3199 censa
911 3136 1056 3221 propter
1069 3126 1197 3198 aedium

150 3245 278 3327 ruinas,
300 3254 364 3315 aut
388 3265 552 3338 agrorum
578 3242 813 3326 sterilitatem,
837 3252 875 3314 et
901 3244 1134 3315 conductores
1159 3267 1198 3315 se

149 3361 384 3457 obligaverint
404 3361 449 3432 ad
472 3361 597 3431 domos
619 3359 824 3430 reficiendas
847 3368 885 3431 et
908 3382 1010 3453 agros
1033 3359 1198 3432 excolen-

150 3481 225 3550 dos.
288 3478 338 3549 Et
370 3479 513 3549 interim
547 3477 725 3571 integrum
756 3475 912 3548 ecclesie
945 3478 1102 3569 pendant
1137 3500 1198 3548 an-

150 3619 263 3668 nuum
281 3594 442 3690 vectigal,
460 3594 556 3687 quod
578 3595 815 3687 superioribus
834 3593 1051 3686 temporibus
1074 3616 1198 3686 reprae-

151 3712 281 3785 sentari
308 3710 454 3782 solebat.
506 3710 577 3781 sed
609 3733 674 3780 neo
701 3711 769 3781 ista
802 3709 947 3802 quidem
983 3707 1056 3779 ullo
1088 3709 1197 3780 modo

152 3829 354 3924 procedant,
380 3828 445 3898 nisi
476 3835 644 3921 patronus
675 3826 710 3896 in
738 3825 807 3896 illis
837 3835 874 3896 et
902 3826 1088 3919 episcopus
1114 3849 1198 3897 con·

152 3947 334 4018 senserint.

359 4076 438 4162 Gap.
454 4097 485 4162 3.
510 4074 646 4156 &maor
659 4071 857 4139 alienationis
872 4095 986 4140 ceute.

201 4199 382 4271 Nolumus
403 4201 447 4271 ad
472 4197 722 4270 alienationem
746 4197 917 4267 bonorum
943 4195 1198 4269 ecclesiastico·

154 4340 228 4388 rum
246 4316 422 4398 descendi,
440 4315 506 4387 nisi
524 4313 692 4408 subjectis
709 4337 755 4384 ex
774 4320 924 4404 quatuor
940 4312 1054 4383 causis
1071 4314 1117 4386 sit
1134 4312 1198 4384 ali·

641 4451 666 4500 o
685 4436 707 4500 2
