2692 4800
515 313 843 365 nnsscnrunsrrs.
1158 300 1206 372 29

151 478 314 562 temptus
338 471 518 563 proposito
536 469 654 540 Deum
678 479 889 551 aversantes,
907 467 964 539 vel
988 468 1207 538 fervescente

152 587 281 658 furoris
306 587 446 679 impetu
469 595 594 656 contra
620 584 722 655 illum
748 585 845 668 elati,
870 586 1066 655 convitium
1091 584 1207 655 rolin

153 702 267 786 illum,
294 702 353 774 vel
378 704 416 773 in
440 702 502 773 illa
526 726 605 794 quoe
629 703 674 773 ad
700 703 777 793 ejus
802 703 957 772 divinam
983 702 1205 794 majestatem

152 818 347 910 pertinent,
364 821 574 891 evomimus.
606 818 655 890 Et
672 819 750 890 lraeo
767 829 822 890 est
839 821 934 889 inter
951 818 1205 912 blasphemiam

153 941 192 1003 at
217 932 381 1006 hoerssim
406 932 616 1016 differentia,
633 935 728 1026 quod
754 932 972 1024 blasphemia
997 939 1206 1024 contemptu

153 1047 391 1121 contumelias
411 1051 447 1120 in
469 1048 588 1120 Deum
613 1049 764 1143 projicit,
782 1059 819 1119 et
840 1049 1030 1130 iracundia,
1048 1047 1109 1118 sed
1133 1046 1208 1119 hae·

154 1162 242 1234 rasis
257 1186 377 1236 errore
394 1163 497 1236 falsas
514 1165 696 1258 opiniones
713 1165 869 1259 suscipit,
888 1175 926 1236 et
943 1165 1142 1236 inscienter.

317 1375 396 1462 Cap.
412 1394 441 1440 2.
464 1374 616 1445 Quomodo
623 1375 785 1461 proticndc
801 1376 842 1440 sit
857 1373 1052 1460 blasphemio.

205 1488 265 1562 Sit
281 1489 393 1584 igitur
408 1489 475 1561 hoo
492 1513 514 1561 a
530 1490 632 1561 nobis
649 1492 893 1572 constitutum,
911 1500 953 1561 ut
969 1489 1049 1561 haec
1065 1513 1208 1562 execra-

156 1605 236 1677 bilis
262 1605 561 1698 blasphemiarum
588 1608 762 1700 impietas,
780 1629 887 1699 quam
914 1607 1068 1700 primum
1094 1607 1139 1678 do
1165 1629 1209 1677 ea

156 1724 224 1793 rite
245 1722 460 1805 constiterit,
476 1723 522 1793 ab
540 1724 712 1816 episcopis
738 1723 836 1794 nulla
852 1724 989 1794 rationo
1009 1723 1206 1807 tolleretur,

156 1837 216 1908 sed
234 1836 362 1907 eodem
381 1836 552 1930 supplicio
571 1839 710 1910 confixa
733 1839 780 1909 sit
797 1861 867 1930 quo
885 1838 1048 1931 pertinax
1065 1838 1209 1909 haereti·

155 1975 280 2026 corum
296 1954 433 2024 insania
448 1953 628 2046 plectitur.
660 1953 741 2025 Nec
758 1954 952 2037 immerito;
971 1978 1053 2026 cum
1069 1956 1122 2027 ira
1138 1956 1207 2027 Dei

154 2079 281 2142 contra
296 2069 393 2139 hunc
409 2069 636 2163 blasphemia
653 2071 808 2141 furorem
833 2070 883 2141 sic
900 2071 1022 2163 priscis
1040 2071 1208 2165 tempori-

153 2185 222 2256 bus
239 2185 388 2267 exarsit,
402 2194 442 2255 ut
458 2184 504 2255 ad
515 2185 793 2279 opprimendum
812 2195 849 2256 et
866 2186 1087 2257 obruendum
1102 2186 1208 2279 hujus

147 2298 315 2371 criminis
344 2321 455 2382 reum,
482 2299 693 2393 populorum
724 2308 762 2370 et
791 2300 938 2396 integrae
968 2301 1208 2374 multitudinis

148 2437 349 2488 concursus
377 2438 453 2486 essa
483 2415 645 2496 voluerit,
671 2426 713 2487 ut
742 2418 792 2488 sic
823 2417 965 2511 publica
994 2418 1209 2512 lapidatione

146 2534 260 2616 facta,
292 2541 562 2603 conterrerctur.
622 2532 670 2604 Et
699 2534 775 2625 ipse
804 2534 905 2606 Deus
934 2537 1092 2607 invectas
1120 2559 1142 2607 a
1170 2558 1209 2607 se

145 2648 317 2743 publicas
338 2670 433 2742 saepe
450 2648 670 2719 calamitates
694 2657 895 2730 attestatur,
915 2659 955 2721 ut
978 2653 1014 2721 in
1032 2651 1101 2722 illis
1118 2651 1210 2723 blas·

146 2764 312 2858 phemiae
330 2763 503 2860 flagitium
518 2763 759 2836 ulcisceretur.

551 3053 819 3091 *-

313 3212 322 3231 ²
444 3248 512 3321 on
542 3249 923 3322 suessulanus.

401 3532 479 3619 Gap.
494 3553 520 3597 1.
552 3534 641 3604 Quid
652 3535 693 3599 rit
707 3537 949 3600 Sacramentum.

206 3654 480 3726 Sacramentum
514 3654 707 3748 (quomodo
741 3681 805 3729 nos
838 3656 927 3727 illud
957 3658 994 3726 iu
1029 3656 1097 3727 hoc
1131 3655 1210 3728 loco

156 3770 333 3865 capimus)
357 3770 497 3864 signum
521 3781 576 3842 est
600 3772 806 3842 institutum
832 3795 853 3842 a
873 3773 954 3843 Deo
980 3773 1076 3865 quod
1098 3774 1209 3844 videri

156 3895 288 3981 potest,
314 3909 387 3979 quo
415 3887 531 3981 gratia
556 3886 687 3959 Christi
717 3889 898 3981 promissis
931 3899 969 3960 et
999 3889 1135 3960 meritis
1163 3891 1208 3961 ad

157 4028 220 4076 nos
250 4003 422 4097 profecta,
447 4005 731 4097 condonatioque
760 4014 987 4100 peccatorum
1018 4005 1102 4099 ipsis
1131 4029 1211 4099 pro-

158 4120 345 4193 missorum
364 4117 505 4191 verbis¹
523 4143 689 4214 expressa
706 4123 950 4216 consignatum
977 4121 1071 4214 quod
1095 4119 1211 4212 dupli·

582 4279 589 4318 ¹
605 4288 696 4347 verbis
711 4307 763 4346 om.
