2692 4800
267 323 316 373 un
340 321 524 373 omnious
550 323 591 374 1n
613 324 847 377 mrmuouro
874 326 1087 378 sicomorus.
1150 312 1199 384 47

185 564 261 650 Cap.
278 585 309 649 3.
328 564 544 648 Divinarujno
558 564 591 628 in
605 566 798 631 mutrirrtouio
807 567 992 653 prohibendo
1007 567 1095 653 quale
1108 568 1157 633 sit.

197 694 296 767 Dens
325 695 378 767 in¹
409 697 462 766 his
490 697 657 792 gradibus
688 710 825 770 certum
850 701 910 792 jus
937 701 1054 792 posuit
1082 699 1196 771 Levit.

126 816 243 885 ‘xviii
261 825 300 885 et
318 837 379 884 xx.
398 816 534 907 capite;
560 839 630 907 quo
645 817 728 907 jure
746 840 808 887 uos
826 828 863 888 et
881 840 1021 914 omnem
1041 826 1196 887 nostram

149 931 391 1023 posteritatem
410 929 542 1001 teneri²
559 955 701 1003 necesse
718 942 782 1002 est.
836 931 916 1003 Nec
939 933 1033 1002 enirn
1058 932 1133 1004 lraeo
1155 932 1197 1002 il-

149 1047 262 1120 lo'rnrn
286 1048 442 1140 capitum
468 1058 640 1141 precepta
657 1050 786 1119 vetoris
805 1049 1043 1120 Israelitarum
1061 1050 1195 1144 reipub.
1207 1069 1246 1134 23

148 1165 287 1257 propria
303 1164 459 1247 inerunt,
479 1166 535 1252 (ut
551 1166 695 1256 quidam
720 1168 921 1259 somniant)
940 1169 1000 1237 sed
1022 1168 1117 1237 idem
1135 1190 1197 1237 an-

149 1281 327 1351 thoritatis
345 1281 481 1374 pondus
494 1281 635 1365 habent,
651 1284 744 1375 quod
760 1281 882 1377 religio
897 1292 1015 1353 nostro
1028 1283 1196 1378 decalogo

149 1398 284 1480 tribuit,
310 1407 351 1467 ut
377 1398 474 1468 nulla
504 1399 612 1491 possit
640 1400 795 1470 humana
825 1409 981 1492 potestas
1008 1402 1195 1493 quicquam

148 1516 182 1585 iu
200 1513 271 1585 illis
287 1513 362 1584 ullo
379 1515 485 1584 modo
502 1515 621 1586 secus³
634 1518 859 1586 constituero.
895 1516 1021 1609 Itaque
1035 1518 1195 1610 pontifex

148 1631 331 1701 Romanus
361 1629 457 1701 illam
488 1632 597 1724 impie
627 1632 693 1703 sibi
724 1633 931 1704 facultatem
963 1645 1122 1729 arrogat:
1159 1648 1196 1706 et

147 1747 381 1819 conscientias
398 1738 477 1818 suas
493 1750 648 1841 graviter
664 1751 900 1832 contanciam,
919 1751 1121 1844 quicunque
1139 1753 1195 1822 vel

147 1863 361 1958 apoutifice
383 1861 555 1946 Romano,
577 1863 633 1933 vel
659 1888 680 1935 a
705 1889 915 1958 quocunque
940 1866 1020 1950 alio,
1045 1867 1134 1939 tales
1160 1869 1195 1938 in

147 1981 213 2053 luto
247 2001 353 2052 causa
387 1981 664 2073 dispensationes
698 1983 754 2069 (ut
788 1986 933 2075 vocant)
971 1986 1193 2077 conquirunt.

147 2097 229 2169 Hoc
256 2106 376 2168 tamen
401 2098 437 2167 in
462 2097 531 2167 illis
549 2095 701 2168 Levitici
722 2098 897 2191 capitibus
918 2099 1106 2194 diligenter
1122 2103 1196 2171 sni-

147 2215 440 2287 madvertendum
465 2223 530 2296 est,
548 2214 694 2284 minime
715 2212 764 2284 ibi
782 2236 903 2284 ornnes
927 2239 996 2285 non
1018 2215 1195 2310 legitimas

147 2352 312 2423 personas
328 2329 537 2404 nominatim
551 2328 730 2420 explicari.
771 2327 868 2399 Nam
883 2328 1035 2422 Spiritus
1053 2342 1195 2403 sanctus

146 2445 224 2517 illas
254 2447 304 2516 ibi
335 2430 499 2538 peisouaa
528 2445 711 2516 evidenter
736 2457 773 2515 et
800 2467 965 2538 expresse
995 2449 1122 2540 posuit,
1149 2471 1195 2518 ex

147 2562 275 2655 quibus
304 2562 433 2633 similia
462 2563 575 2654 spatia
605 2560 818 2653 reliquorum
848 2563 1021 2656 graduum
1058 2574 1096 2634 et
1130 2566 1196 2635 dit-

148 2679 306 2749 lereutiae
323 2678 416 2748 inter
437 2700 475 2748 se
493 2677 596 2748 facile
613 2679 747 2770 possint
768 2678 956 2771 conjectari
977 2688 1014 2749 et
1036 2678 1193 2751 inveniri.

147 2795 469 2880 Quemadmodum,
493 2794 649 2887 exempli
673 2817 789 2878 causa,
807 2816 887 2864 curn
912 2793 984 2863 filio
1002 2818 1073 2865 non
1091 2797 1196 2867 datur

147 2934 237 2982 uxor
273 2920 397 2993 mater,
432 2933 650 3003 consequeus
684 2919 750 2993 est,
790 2921 831 2980 ut
864 2933 910 2980 ne
944 2909 1016 2982 lilia
1048 2913 1193 3004 quidem

146 3025 256 3120 patri⁴
277 3028 432 3120 conjunx
454 3028 528 3098 dari
552 3024 692 3121 possiet
746 3025 794 3096 Et
819 3027 848 3096 si
874 3027 991 3120 patrui
1014 3050 1084 3098 non
1109 3027 1193 3100 licet

146 3166 294 3215 uxorem
322 3144 360 3212 in
394 3144 618 3214 matrimonio
646 3143 787 3224 habere,
818 3164 883 3212 nec
915 3165 997 3212 cnm
1028 3144 1193 3217 avunculi

146 3261 303 3354 profecto
320 3261 470 3353 conjuge
487 3260 588 3330 nobis
606 3261 738 3352 nuptiae
756 3258 902 3329 concedi
921 3268 1079 3351 possunt.

288 3462 365 3548 Gap.
380 3486 411 3542 4.
427 3461 554 3548 Bcpnloe
568 3460 759 3528 odmundo
774 3463 808 3527 iu
815 3463 889 3548 yitro
903 3464 1047 3529 Leuitico.

192 3595 247 3667 Ut
276 3618 361 3688 ergo
391 3594 569 3688 pellantur
598 3618 721 3667 omues
746 3619 891 3679 errores,
918 3595 1061 3688 reliquae
1091 3595 1193 3666 nobis

144 3712 391 3784 enumerandae
409 3723 491 3783 sunt
505 3721 542 3783 et
555 3713 760 3785 intexendae
777 3735 944 3807 persone,
958 3736 1035 3806 quae
1052 3712 1193 3806 paribus

144 3831 316 3925 graduum
341 3828 473 3900 finibus
498 3831 699 3924 coujunctae
725 3838 809 3901 sunt
833 3853 916 3901 cnm
941 3827 1011 3900 illis
1036 3831 1192 3922 personis

145 3969 291 4039 quarum
306 3969 414 4018 saorae
426 3945 616 4039 Scriptura
629 3948 847 4018 montionem
862 3942 1036 4040 apertam⁶
1045 3946 1191 4016 faciunt.

145 4064 187 4135 ln
213 4087 285 4156 quo
311 4064 398 4133 duas
426 4062 565 4158 regulas
595 4086 808 4159 magnopere
839 4063 1001 4135 volumus
1030 4062 1192 4146 attendi;

185 4239 194 4281 ¹
210 4245 248 4303 id.
406 4235 419 4275 ²
433 4252 539 4303 tenere.
697 4244 711 4283 ⁸
723 4263 805 4303 aecus
819 4263 872 4300 om.
1025 4247 1039 4286 ⁴
1052 4243 1169 4319 patris.-

348 4318 478 4400 ⁶potest
846 4319 988 4382 ⁶certnm.
