2692 4800
145 277 218 342 250
538 289 587 339 or:
612 288 792 351 rasurus,
1186 290 1254 341 cu

145 466 226 512 nem
253 464 323 511 non
348 440 545 511 attulerint.
598 440 671 511 Sed
698 441 839 532 quaudo
864 440 912 510 de
937 448 1067 511 natura
1091 442 1186 512 istius

144 567 243 627 aetus
274 579 342 626 non
374 554 503 625 solent·
519 565 628 627 testes
656 554 824 636 adhiberi,
856 554 1064 624 domesticis
1095 553 1187 641 (alias

144 671 301 743 honestis
321 681 359 742 et
376 672 446 741 fide
463 672 593 764 dignis)
611 669 707 741 credi
725 677 853 761 potest,
870 667 938 738 uisi
956 671 1069 761 partis
1091 692 1188 739 accu-

144 798 228 858 satae
261 788 355 858 bona
388 788 482 858 fama
515 794 554 857 et
583 785 764 878 inculpata
798 784 871 855 vita
899 784 1188 877 conversatioque

144 903 293 974 honesta
309 904 561 997 praeponderet.

155 1132 233 1217 Gap.
245 1151 295 1200 22.
321 1132 381 1212 Qut
394 1132 482 1196 semel
493 1129 644 1217 ‹pprodot
650 1152 816 1216 purorum
830 1131 914 1196 testis
928 1150 1048 1215 sempor
1060 1131 1177 1195 υἱάαν

330 1232 509 1320 approbare,
525 1234 588 1298 nisi
601 1255 679 1298 noca
693 1235 844 1298 emerserit
858 1233 1000 1318 acceptio.

196 1376 267 1461 Qui
284 1375 456 1469 approbat
476 1397 661 1467 personam
682 1376 783 1444 testis
806 1375 843 1443 iu
861 1397 933 1443 uno
954 1381 1052 1456 actu,
1069 1396 1188 1467 appro-

144 1495 208 1564 bat
235 1515 312 1563 cam
341 1493 500 1561 inomni
530 1489 611 1574 alio,
637 1490 703 1560 nisi
734 1512 827 1560 nova
856 1488 1061 1559 infirmandi
1091 1512 1189 1560 causa

145 1608 397 1701 supervenerit.
461 1607 549 1679 Ideo
579 1617 703 1677 contra
730 1628 916 1698 personam
947 1607 1061 1685 testis,
1088 1630 1187 1698 quem

146 1725 224 1815 quis
254 1720 363 1792 semel
399 1723 615 1814 produxerit,
642 1743 712 1790 non
747 1730 865 1813 potest
894 1719 1102 1813 opponerc¹‚
1127 1721 1188 1791 nisi

146 1862 252 1910 causa
276 1839 321 1908 de
346 1861 438 1908 novo
465 1838 668 1920 emerserit3
702 1846 825 1907 contra
849 1837 926 1929 ejus
953 1845 1078 1909 tamen
1101 1838 1188 1908 dicta

146 1953 270 2025 licebit
287 1976 475 2047 opponere.

191 2179 268 2263 Oap.
288 2197 338 2264 23.
361 2180 403 2242 In
418 2178 520 2243 oliam
536 2200 630 2243 causo
639 2179 745 2262 plume
758 2188 842 2244 unco
856 2201 892 2244 oc
905 2179 1151 2266 oodcmsumilic

526 2279 667 2346 adbiberi
673 2291 810 2367 possum

199 2415 263 2488 Nil
282 2418 408 2500 obstat,
427 2420 632 2509 quominus
652 2417 770 2511 plures
794 2419 903 2490 etiam
929 2427 1042 2491 testes
1068 2442 1114 2491 ex
1137 2441 1187 2492 oa

148 2536 229 2605 doru
247 2533 381 2604 familia
397 2532 514 2604 alieno
531 2534 675 2628 negotio
693 2557 831 2627 semper
846 2545 993 2626 possunt
1011 2535 1177 2607 adhiberi.

217 2765 293 2849 Gap.
307 2782 358 2845 24.
387 2763 481 2827 Testis
496 2762 629 2847 alicujus
642 2762 753 2848 scripti
759 2772 888 2847 propter
901 2762 1015 2827 crimen
1022 2773 1129 2848 posteo

229 2902 231 2906 ·
306 2865 492 2930 commissum
506 2872 561 2928 out
569 2865 760 2950 patefactum
774 2864 861 2948 rejici
875 2885 934 2928 non
948 2862 1040 2928 debet.

199 3004 238 3075 Si
256 3005 334 3097 quis
350 3025 396 3072 ex
415 3003 565 3073 testibus
581 3004 785 3074 testamenti
804 3005 956 3095 quidem,
971 3012 1034 3073 aut
1051 3002 1190 3074 alterius

149 3120 355 3212 cujusquam
373 3119 610 3201 instrumenti,
628 3119 859 3189 confectionis
876 3128 1037 3211 tompore
1056 3118 1190 3211 (inquo

149 3235 223 3327 ipse
254 3235 355 3304 testis
385 3233 609 3327 describitur)
637 3233 727 3304 liber
755 3243 818 3304 aut
847 3234 892 3304 ab
921 3235 1017 3303 omni
1049 3235 1191 3304 crimine

149 3350 284 3421 alienus
309 3351 486 3420 communi
504 3349 688 3419 hominum
715 3351 947 3420 aestimatione
971 3359 1009 3419 et
1029 3350 1192 3443 opinione

150 3466 357 3548 habebatur,
392 3468 635 3535 testimonium
673 3467 781 3558 ipsius
816 3487 861 3534 ex
896 3466 1043 3535 crimine
1078 3465 1193 3558 aliquo

150 3581 285 3664 latenti,
311 3605 374 3652 seu
401 3605 448 3652 ex
473 3582 604 3652 delicto
629 3580 746 3674 aliquo
772 3590 895 3674 postea
919 3583 1072 3664 detecto,
1099 3591 1194 3674 pate

150 3698 255 3776 facto,
273 3719 334 3767 seu
358 3699 555 3778 commisso,
573 3698 668 3768 infici
692 3721 763 3768 non
787 3698 905 3779 debet,
922 3719 989 3766 nec
1007 3699 1193 3789 quicquam

150 3812 231 3882 fidei
262 3811 356 3884 illius
387 3814 643 3885 detrahendum
674 3823 738 3896 est,
761 3812 826 3882 nisi
854 3822 1002 3883 testator
1032 3836 1096 3905 per
1126 3823 1195 3883 tres

150 3949 288 3997 menses
308 3952 329 3998 a
350 3930 496 3999 crimine
522 3928 721 4020 hujusmodi
745 3927 925 4020 patefacto
951 3929 1194 4020 supervixerit,

151 4064 216 4112 neo
233 4043 341 4113 alium
362 4044 437 4114 loco
456 4043 550 4114 illius
566 4045 848 4114 submittendum
866 4045 1049 4114 curaverit.

588 4179 595 4216 ¹
612 4202 760 4257 apponere.
