2692 4800
453 300 503 353 nr
527 298 767 353 εοεεεεειοεε
813 299 847 351 c.
863 300 895 349 1.
1122 277 1193 348 sal

308 550 385 635 op.
399 566 449 633 27.
471 548 826 635 antumpnum
839 546 1042 614 mutan.

195 695 295 768 Aeta
308 695 436 789 judicii
459 695 602 790 plenam
627 694 802 767 induouut
825 693 1081 788 probationem.
1124 693 1201 766 Vo-

149 810 266 882 lumus
296 811 406 905 igitur
435 810 561 882 eadem
588 809 708 880 omnia
732 818 771 879 et
795 808 935 904 singula
961 807 1115 881 fideliter
1140 808 1201 881 ds-

147 928 281 1023 suripta
306 950 348 999 ae
377 949 475 997 mora
502 926 607 997 solito
633 924 752 996 clausa
777 924 968 997 transmitti
998 924 1043 995 ad
1059 925 1200 1019 judiees

144 1042 406 1138 appellationis,
426 1042 516 1115 iliud
544 1042 763 1135 requirentes
789 1064 852 1113 sen
876 1042 1071 1136 exigentes,
1089 1048 1131 1112 nt
1153 1063 1200 1113 ex

144 1161 217 1232 iilis
244 1160 427 1257 eolligunt,
452 1182 498 1231 an
525 1182 589 1253 per
615 1158 815 1229 inferiorem
836 1158 994 1250 judicem
1024 1166 1121 1230 reete
1141 1158 1201 1252 ju·

143 1276 307 1348 dicatum
326 1277 467 1348 existat.

562 1583 796 1593 —u—-nn—

421 1867 495 1939 DE
532 1865 936 1939 POSSESSIONE.

619 2062 697 2150 Gap.
713 2084 742 2128 1.

203 2203 399 2275 Possessori
427 2226 499 2273 non
526 2202 701 2274 incumbit
727 2225 816 2274 onus
845 2202 1015 2295 probandi
1046 2224 1101 2273 res
1125 2222 1204 2295 pos·

153 2343 263 2393 sessus
293 2320 338 2391 ad
372 2342 410 2391 se
440 2318 627 2412 pertinere,
659 2342 753 2402 oum,
780 2329 900 2391 actore
930 2319 967 2390 in
996 2319 1204 2413 probatione

155 2438 354 2522 deficiente,
375 2435 572 2508 dominium
595 2437 688 2528 apud
715 2458 948 2528 possessorem
973 2458 1117 2508 manere
1142 2438 1205 2509 ds·

155 2553 248 2627 beat.
313 2554 357 2629 In
390 2552 618 2646 possessionis
645 2553 728 2644 jure
761 2554 791 2623 is
829 2554 987 2646 superior
1020 2562 1058 2626 et
1091 2554 1206 2626 vietor

155 2669 425 2752 existimabitur,
455 2668 516 2761 qui
548 2668 593 2738 de
626 2668 822 2760 antiquiore
850 2671 1067 2763 possessione
1096 2671 1205 2742 fidem

156 2787 271 2859 faeere
291 2786 413 2881 possit,
431 2784 590 2856 maxime
612 2784 642 2855 si
665 2782 726 2854 illa
745 2784 863 2876 aliquo
888 2784 994 2857 titulo
1010 2786 1205 2878 justificata

155 2904 224 2986 sit;
259 2904 325 2974 nisi
353 2902 465 2973 altera
489 2923 570 2995 pars
598 2899 760 2971 meliores
783 2909 821 2971 at
845 2900 1055 2973 efficaciores
1080 2902 1206 2995 proba·

156 3018 270 3089 tiones
286 3017 535 3101 introduxerit,
553 3017 808 3110 possessionem
825 3039 925 3088 suam
936 3017 1184 3109 justificantes.

204 3132 279 3205 Res
296 3132 427 3205 alienas
444 3133 635 3226 possidens,
653 3131 737 3202 lieet
747 3132 883 3223 justam
901 3153 1042 3203 causam
1061 3134 1205 3205 tenendi

156 3250 310 3322 fortassis
330 3271 401 3319 uon
418 3248 560 3335 habeat,
579 3270 650 3317 non
674 3247 740 3318 nisi
761 3246 996 3319 intentionem
1023 3270 1123 3319 suam
1139 3250 1206 3319 im·

155 3365 267 3459 pleuti
284 3365 473 3436 restituere
491 3364 639 3458 cogitur.

204 3482 242 3554 Si
273 3480 399 3553 fraude
427 3477 566 3551 tamen¹
595 3478 652 3551 vel
680 3477 850 3551 violentia
874 3482 1128 3573 possessionem
1154 3484 1204 3553 rei

154 3598 278 3671 alienae
295 3596 423 3689 aliquis
444 3605 569 3666 nactus
586 3595 705 3680 fuerit,
722 3595 784 3666 illa
807 3597 979 3688 possessio
1000 3621 1072 3669 non
1090 3598 1205 3670 solum

155 3714 204 3787 illi
235 3738 307 3786 non
338 3713 505 3807 proderit,
536 3712 598 3782 sed
628 3735 710 3782 eum
743 3712 879 3783 fortiori
910 3714 1117 3806 probatione
1145 3739 1207 3811 ag·

155 3838 288 3925 gravat,
307 3830 335 3900 si
356 3831 431 3923 ipse
456 3851 528 3900 rem
548 3829 657 3920 ipsam
678 3828 731 3899 vel
758 3850 857 3898 suam
876 3830 931 3900 vel
955 3830 1021 3902 sibi
1045 3832 1205 3904 debitam

155 3956 277 4039 postea
294 3944 456 4016 affirmet.

587 4104 594 4143 ¹
610 4116 705 4165 tamen
720 4128 771 4164 orn.

1220 1889 1283 1935 110
