2692 4800
504 304 554 355 nn
579 305 878 361 rsonasroumus.
1143 296 1215 367 227

162 458 370 529 haerendum
400 457 478 529 erit.
530 458 603 531 Sed
632 462 660 533 si
688 462 733 532 de
758 486 801 534 aa
825 485 895 533 non
922 470 1071 541 constet,
1094 462 1215 533 saven-

164 577 252 646 dum
274 584 331 648 est
357 596 428 657 reu,
445 575 513 646 nisi
540 576 639 647 favor
660 577 872 670 reipublioae,
888 576 982 648 salus
1007 578 1215 660 animarum,

162 698 228 791 aut
244 698 372 760 natura
388 712 501 761 oausae
518 690 614 762 aliud
632 694 789 763 suaserit.

233 895 312 982 Cap.
326 896 357 961 8.
380 896 426 962 In
439 896 644 962 cornmnntbns
649 898 784 982 judiciis
800 906 862 963 tum
875 920 926 963 roo
941 921 1032 984 quom
1047 900 1143 964 actori
1228 912 1286 975 103

539 999 685 1065 incumbit
695 998 841 1086 probatio.

213 1134 258 1207 In
293 1137 541 1209 communibus
568 1139 723 1232 judiciis,
754 1146 827 1209 tans
862 1148 961 1212 notor
994 1164 1099 1233 quam
1135 1164 1214 1214 reus

160 1252 432 1347 probationibus
458 1253 652 1338 oneratur¹‚
682 1255 781 1347 isque
808 1257 937 1341 vincet,
965 1258 1023 1348 qui
1053 1257 1214 1329 meliores

159 1378 199 1439 st
224 1368 440 1441 efficaciores
470 1369 694 1463 probationes
721 1371 892 1443 attulerit.
944 1372 1015 1443 Sed
1041 1377 1069 1446 si
1096 1376 1216 1446 omnia

159 1481 364 1578 hujusmodi
392 1485 543 1578 aequalia
569 1486 652 1569 sint,
676 1509 738 1579 pro
764 1508 960 1580 possessore
984 1490 1214 1581 judicabitur,

159 1600 227 1671 nisi
246 1599 346 1671 favor
362 1624 478 1673 causae
496 1602 589 1673 atiud
609 1603 767 1674 suaserit.

262 1806 341 1892 Gap.
355 1830 384 1894 9.
419 1810 496 1874 Post
512 1808 747 1896 publicationes
768 1832 828 1874 non
850 1810 917 1875 licat
939 1814 1112 1875 contrarios

515 1911 708 1998 probationes
723 1910 846 1997 (offano.

210 2039 250 2112 si
282 2043 327 2112 de
357 2042 614 2136 impedimento
643 2043 774 2136 aliquo,
801 2045 909 2113 stiam
935 2044 971 2112 in
1002 2066 1108 2113 causa
1137 2067 1211 2115 ma·

157 2157 365 2241 aumonius
393 2159 618 2253 probationes
645 2159 771 2250 aliqua
801 2159 989 2253 publioatae
1019 2170 1113 2246 sunt,
1139 2184 1233 2233 non·

158 2272 284 2345 licebit
308 2274 410 2347 alteri
437 2277 528 2369 parti
555 2277 746 2346 contrarias
771 2276 996 2367 probationes
1020 2274 1208 2368 aliquando

155 2389 289 2460 interra
312 2389 367 2460 vel
393 2392 597 2483 producere.

231 2590 310 2677 Gap.
326 2612 375 2657 10.
406 2593 449 2655 In
471 2592 556 2656 omni
575 2603 646 2657 ootn
658 2591 810 2677 judiciali
830 2592 934 2657 odona
954 2603 1064 2678 oportet
1086 2604 1140 2658 ont

475 2697 630 2759 notorium
645 2703 700 2758 out
712 2695 789 2759 dnos
803 2703 895 2760 ustos.

211 2824 255 2895 Iu
291 2824 500 2916 recipiendis
532 2823 809 2917 probationibus,
837 2834 946 2915 atque
975 2826 1010 2895 iu
1041 2827 1205 2898 omnibus

152 2939 232 3012 aliis
257 2939 397 3012 autibus
416 2938 644 3031 judicialibus
663 2940 776 3032 judex
803 2940 910 3010 debet
935 2941 1118 3033 publicum
1144 2966 1206 3013 no·

152 3056 285 3127 tarium
309 3065 371 3127 aut
392 3057 489 3137 duos,
508 3057 586 3127 loco
609 3055 713 3136 illius,
732 3057 897 3128 honestos
916 3058 1006 3128 viros
1025 3059 1204 3139 adhibere,

152 3194 218 3265 per
246 3194 335 3265 quos
360 3182 489 3243 cuneta
515 3195 596 3264 quae
622 3183 775 3266 aguntur
801 3166 952 3245 fideliter
977 3175 1081 3247 scribi
1106 3199 1205 3246 man·

151 3288 300 3373 damus3
327 3298 368 3360 ut
384 3290 412 3359 si
431 3312 511 3381 quae
529 3298 652 3381 postea
669 3312 773 3382 super
790 3291 944 3362 actitatis
968 3294 1102 3363 oriatur
1121 3317 1204 3364 eorr-

151 3406 335 3487 troversia,
357 3430 400 3476 ea
430 3406 570 3498 penitus
596 3427 659 3498 per
686 3407 760 3497 ipsa
788 3407 971 3499 originalia
997 3409 1140 3501 publica
1165 3419 1203 3479 et

150 3523 357 3593 communia
381 3519 536 3592 tollatur.

220 3699 299 3785 Gap.
314 3720 362 3763 11.
390 3698 573 3781 Affinmortti
587 3697 733 3762 incumbit
741 3697 892 3784 probatio,
908 3722 966 3764 non
983 3704 1114 3788 nepontr‘.

202 3831 257 3904 Ut
276 3831 441 3913 creditor,
459 3829 519 3922 qui
544 3829 729 3921 pecuniam
753 3831 855 3923 petit,
875 3842 1099 3903 numeratum
1122 3857 1201 3927 pro-

146 3950 234 4018 bare
251 3948 402 4039 cogitur,
419 3947 471 4016 ita
489 3967 606 4016 rursus
624 3945 773 4029 debitor,
790 3947 850 4038 qui
868 3945 1020 4018 solutam
1038 3948 1199 4031 affirmat,

145 4064 225 4155 ejus
250 4062 302 4132 rei
328 4062 572 4154 probationem
596 4070 761 4154 praestare
787 4061 904 4135 debet.
958 4063 1004 4134 Ei
1029 4065 1123 4135 enim
1144 4065 1198 4135 in-

143 4179 287 4251 cumbit
305 4178 476 4270 probatio,
494 4178 554 4269 qui
572 4178 732 4261 affirmat,
751 4201 820 4248 non
839 4180 899 4271 qui
918 4190 1034 4274 negat.

582 4314 591 4355 ¹
606 4326 770 4375 onerantur.
1010 4324 1014 4331 '

641 4436 668 4495 0
685 4420 709 4487 2
