2692 4800
227 252 275 324 62
588 274 637 324 uu
659 273 908 327 murmurum
1283 274 1338 355 cp

224 424 301 494 lieri
318 422 450 516 potest)
469 423 506 494 iu
523 423 592 494 hoc
609 424 820 518 cognitionis
833 425 987 519 ’negotio
1004 426 1147 498 versari.
1191 426 1271 499 Mu·

224 564 290 611 nus
320 542 413 610 enim
441 541 509 611 hoc
539 562 651 609 unum
678 548 734 611 est
759 562 805 611 ex
831 539 996 611 omnibus
1025 562 1210 614 summum
1236 552 1271 615 et

223 659 430 759 maximum,
445 657 565 749 inquo
583 666 696 727 status
713 655 941 728 ecclesiarum
955 658 1133 752 praecipue
1149 659 1272 733 funda·

223 783 281 845 tus
306 783 370 844 est.
423 772 542 858 Quare
568 774 595 843 si
619 772 870 844 minutioribus
894 773 930 842 in
957 771 1138 867 plerisque
1161 778 1271 849 causis

221 888 451 960 ecclesiarum
481 889 726 980 episcoporum
756 888 941 978 praeseutia
969 887 1165 982 flagitatur,
1195 913 1271 963 earn

223 1008 260 1076 in
294 1005 362 1076 hoc
396 1027 480 1075 sane
512 1002 695 1096 principali
730 1024 877 1073 munero
907 1004 1096 1076 desiderari
1127 1008 1272 1081 minime

224 1122 402 1192 convenit.

301 1285 380 1369 Cap.
398 1284 427 1348 8.
449 1283 668 1347 Jcramecrcm
682 1281 844 1368 cop-citimi
851 1284 1093 1369 proponcadmn
1106 1306 1181 1354 orco.

273 1404 452 1475 Nolumus
481 1406 526 1474 ad
556 1404 795 1499 cognitionem
826 1404 1003 1489 descendi,
1033 1406 1147 1478 donec
1176 1409 1273 1502 jura·

222 1529 384 1591 mentum
410 1542 431 1590 a
457 1520 610 1612 petitore
640 1519 747 1590 fuerit
778 1520 997 1612 requisitum,
1024 1531 1066 1593 ut
1091 1547 1177 1596 rore
1204 1527 1273 1599 siu·

221 1659 372 1730 cereque
397 1637 607 1729 respondeat
633 1636 677 1705 ad
704 1636 831 1719 omnia,
864 1659 945 1729 quae
975 1620 1110 1710 fuerint
1136 1641 1184 1713 ab
1213 1642 1273 1713 illo

220 1753 379 1844 quaesita,
395 1750 501 1820 modo
515 1760 723 1842 presentem
736 1751 780 1820 ad
799 1752 1039 1846 coguitionem
1058 1757 1273 1847 pertineant

224 1867 363 1938 Deinde
377 1869 412 1936 in
431 1890 553 1937 omnes
571 1867 651 1936 vitae
669 1875 786 1958 partes
803 1865 993 1962 diligenter
1008 1869 1221 1962 inquiretur,
1237 1881 1275 1943 et

222 1986 259 2055 in
281 1984 476 2054 doctrinam
499 1983 640 2076 penitus
663 1983 860 2066 intrabitur,
880 2007 925 2054 ne
946 1984 1039 2056 forte
1056 1984 1114 2058 vel
1135 1988 1277 2061 inscitia

222 2100 279 2172 vel
296 2102 445 2172 scientia
460 2123 624 2192 perversa
640 2098 776 2170 laboret
794 2107 857 2170 aut
874 2109 1047 2194 corrupta.

390 2313 467 2396 Cap.
484 2334 513 2397 9·
536 2312 579 2374 Ic
594 2311 733 2375 dertona
747 2312 826 2398 quid
837 2312 1032 2397 qaaemtdum
1046 2315 1097 2379 rit.

272 2437 455 2520 Quantum
474 2444 594 2504 autem
612 2434 656 2503 ad
672 2434 869 2503 doctrinam
887 2431 1029 2504 illorum
1047 2444 1199 2527 spectat,
1213 2439 1275 2530 qui

219 2563 304 2623 sunt
334 2553 377 2622 ad
410 2550 636 2622 ecclesiarum
664 2551 941 2621 moderationem
968 2551 1192 2635 admovendi,
1218 2553 1275 2626 his

220 2670 442 2761 potissimum
467 2670 532 2738 viis
557 2668 796 2761 cognitionem
822 2666 1012 2759 procedere
1034 2666 1214 2754 volumus,
1233 2681 1274 2741 ut

220 2809 342 2857 eorum
367 2787 551 2856 sententiae
573 2785 618 2853 de
635 2785 705 2855 fide
727 2783 902 2854 catholica
921 2784 1217 2878 pervestigentur‚
1234 2795 1274 2858 et

220 2913 442 2973 sacrosancto
465 2901 648 2971 Trinitatis
671 2901 848 2992 mysterio,
867 2907 1041 2991 quantum
1064 2902 1211 2993 quidem
1234 2904 1272 2973 iu

219 3019 290 3090 illis
307 3021 502 3090 necessario
519 3017 734 3087 credendum
753 3013 848 3099 est¹;
878 3018 1040 3110 proximo
1055 3016 1134 3089 loco
1152 3020 1200 3090 de
1216 3042 1271 3091 sa·

102 3126 105 3131 ’
220 3158 357 3206 crurum
373 3135 634 3226 scripturarum
648 3133 757 3215 libris,
772 3155 859 3225 quos
876 3133 1063 3203 canonicos
1076 3133 1271 3227 appellant,

220 3252 431 3344 qualemque
451 3252 596 3321 credant
617 3259 655 3320 et
678 3260 847 3341 quantam
871 3271 1047 3319 sacrarum
1070 3249 1273 3344 Scriptura-

220 3392 297 3438 rum
310 3368 573 3438 authoritatem.
595 3366 795 3437 Succedunt
806 3367 1049 3437 controversiae
1060 3366 1271 3461 praesertim²

220 3487 432 3557 recentiores
457 3493 655 3554 nostrorum
678 3491 889 3576 temporum.
942 3481 986 3551 In
1011 3504 1152 3553 summa
1175 3491 1271 3554 cate-

220 3602 394 3672 chismum
412 3599 635 3669 membratim
654 3608 691 3667 et
708 3622 771 3690 per
793 3607 909 3690 partes
933 3597 1124 3690 explicent,
1142 3600 1179 3670 in
1198 3623 1268 3693 quo

220 3716 395 3808 praecipua
411 3714 589 3808 religionis
606 3714 723 3806 capita
739 3714 894 3784 breviter
910 3713 1057 3785 decursa
1073 3724 1168 3785 suut.

364 3927 440 4011 Oap.
457 3947 503 3990 10.
528 3925 761 4010 Cognoacntdam
775 3947 833 3990 ecre
847 3947 889 3990 cn
903 3925 1038 3990 toruior·
1051 3926 1123 3990 sint.

190 4113 195 4121 .
269 4057 446 4141 Quoniam
476 4065 596 4127 autem
627 4056 730 4149 plane
759 4056 838 4127 sciri
869 4055 976 4126 debet
1010 4078 1056 4126 an
1089 4055 1165 4127 ulla
1194 4057 1260 4128 sint

382 4257 391 4302 ¹
408 4268 451 4316 est
466 4279 516 4316 om.
853 4255 866 4293 ²
879 4260 1036 4334 praesertim
1051 4281 1103 4319 oar.
