2692 4800
152 271 224 337 112
404 286 453 336 us
469 285 719 337 sccansranuu
736 285 947 336 crannum.

150 443 337 524 ficiscetur,
368 441 452 533 qnid
488 440 695 523 decreverit,
726 440 950 535 significabit.
1015 438 1073 514 De
1102 462 1188 535 qure-

148 559 322 630 stionibus
344 580 422 649 quae
443 556 487 626 ad
510 556 706 626 doctrinam
728 566 765 627 et
785 558 1003 629 ceremonias
1025 568 1190 651 spectant,

147 698 300 745 canones
320 675 447 766 partim
471 683 556 743 tunc
577 671 719 764 publice
739 683 921 765 proponet,
940 675 1071 767 partim
1088 676 1191 748 archi.

148 793 297 861 diacono
322 791 505 860 visitaturo
538 787 678 882 publice
705 790 950 881 proponendos
983 794 1191 866 committet

149 904 302 977 Decreta
326 929 408 976 vero
434 904 529 975 illius
552 914 589 973 et
613 904 808 975 sententias
828 904 884 974 vel
911 906 948 975 in
974 908 1113 1000 synodo
1137 930 1193 1001 per

148 1025 262 1116 ipsum
294 1022 350 1092 vel
382 1045 444 1114 per
472 1021 757 1092 archidiaconum
789 1022 826 1091 in
857 1022 1060 1095 visitatione
1086 1024 1192 1096 divul-

147 1148 259 1233 gatos,
290 1137 472 1208 inferiores
500 1138 649 1208 ministri
675 1149 718 1209 ut
744 1137 877 1210 validm
906 1151 944 1211 et
969 1140 1092 1214 fimas
1116 1142 1192 1213 reti

148 1255 295 1324 nebunt.
364 1254 467 1338 Quod
504 1255 532 1324 si
567 1255 650 1346 quid
687 1257 721 1324 in
757 1256 809 1326 eis
844 1256 899 1326 vel
933 1256 1107 1349 injustum
1142 1260 1192 1332 vel

147 1371 337 1442 absurdum
366 1372 538 1442 contineri
569 1372 727 1441 arbitrati
759 1371 900 1455 fuerint,
925 1372 960 1443 id
990 1373 1036 1444 ad
1064 1374 1193 1448 archie-

148 1490 328 1580 piscopum
354 1487 527 1569 deferant,
545 1488 645 1578 cujus
669 1489 746 1570 erit,
764 1488 809 1559 ab
833 1489 999 1583 episcopo
1023 1492 1192 1562 constitu·

147 1615 236 1684 tum,
268 1603 450 1674 decretum
479 1613 542 1672 aut
570 1604 783 1672 sententiam
816 1602 870 1674 rel
900 1604 1114 1678 confirmare
1143 1607 1192 1679 vel

147 1719 346 1801 emendare,
364 1718 414 1788 ita
433 1731 552 1789 tamen
571 1728 611 1787 ut
628 1741 697 1809 qua
718 1729 820 1811 parte
835 1719 897 1790 illa
913 1742 986 1791 non
1003 1726 1193 1795 correxerit

147 1836 440 1928 archiepiscopus,
470 1836 626 1928 vigorem
657 1857 760 1905 suuni
797 1846 834 1907 et
865 1837 974 1908 robur
1006 1840 1191 1912 retineant.

149 1951 343 2045 Episcopus
364 1952 484 2043 itaque
502 1952 537 2020 in
556 1952 688 2044 synodo
705 1951 779 2022 suis
797 1950 1029 2047 promulgatis
1047 1956 1193 2028 decretis

147 2081 255 2160 atque
285 2067 481 2150 sententiis,
511 2068 556 2137 ad
587 2091 707 2138 curam
738 2078 776 2139 et
810 2069 1074 2141 solicitudinem
1103 2095 1193 2144 eom·

148 2185 243 2255 missi
273 2185 390 2279 gregis
420 2182 554 2254 clerum
584 2184 840 2268 adhortabitur,
866 2194 903 2256 et
934 2208 1016 2256 cum
1044 2210 1133 2281 pace
1160 2197 1192 2260 et

147 2299 282 2393 Spiritu
315 2298 457 2370 Domini
489 2324 610 2372 eorum
642 2323 819 2392 quemque
848 2303 893 2372 ad
923 2324 1004 2374 suus
1030 2303 1191 2377 ecclesias

147 2417 274 2485 reverti
292 2416 447 2507 jubebit.

499 2617 823 2627 .-.-—-—-——-—..-

272 2802 341 2872 DE
369 2802 736 2874 ECCLESIARUM
764 2803 1070 2878 GARDIANIS.

196 3002 452 3074 Gordianorum
476 3025 623 3072 munera
646 3003 720 3073 haec
744 3015 860 3088 sunto,
878 3027 1008 3098 nempe
1031 3007 1190 3081 ecclesia·

146 3143 223 3188 rum
249 3119 351 3202 bona,
367 3121 459 3212 jura,
482 3121 603 3190 debita
628 3131 666 3188 et
692 3119 809 3215 legata
834 3131 956 3214 petere
982 3131 1021 3193 et
1045 3123 1191 3195 admini-

145 3248 281 3306 stmre:
325 3238 512 3316 adulteros,
557 3246 780 3319 scortatoris,
826 3240 1054 3321 incestuosos,
1098 3241 1191 3313 oblo

145 3362 323 3442 quutores‚
339 3355 561 3433 divinatores,
580 3353 771 3435 hereticos,
790 3354 1009 3436 simoniacos,
1027 3360 1191 3449 perjuros,

145 3478 182 3538 et
205 3466 291 3538 alios
314 3470 409 3561 gravi
438 3470 583 3538 infamia
605 3480 745 3540 notatos
766 3472 801 3539 in
826 3470 990 3562 parochia
1016 3483 1191 3559 morantes

145 3585 200 3655 vel
220 3584 477 3675 delinquentes,
496 3607 537 3654 ac
556 3587 590 3653 in
608 3585 757 3656 ecclesia
774 3586 829 3657 vel
851 3588 1057 3658 coemeterio
1078 3589 1191 3661 rixan-

144 3713 199 3771 tes
223 3703 296 3770 sive
319 3713 526 3792 pngrrantes‚
546 3725 681 3772 necnon
708 3725 768 3772 eos
791 3705 849 3793 qui
873 3703 1000 3774 divinis
1019 3705 1190 3796 precibus,

145 3818 254 3887 cultui
283 3841 390 3898 sacro,
415 3817 469 3885 vel
497 3819 624 3887 divinis
650 3819 836 3911 mysteriis,
859 3819 983 3889 diebus
1008 3819 1191 3892 dominicis

144 3944 180 4002 ot
213 3933 356 4011 festivis
384 3931 489 4001 nullis
520 3934 692 4025 propedit-i
724 3933 892 4026 legitimis
919 3935 1189 4027 impedimentis,

144 4052 313 4121 iuteresse
340 4049 528 4131 noluerint,
552 4049 617 4120 loci
645 4052 819 4121 ordinario
845 4052 1080 4124 denunciare:
1108 4054 1191 4127 alios

146 4190 226 4234 vero
253 4166 345 4234 inter
371 4164 490 4234 divina
516 4166 550 4234 in
575 4165 722 4236 ecclesia
749 4167 1018 4250 tumultuantes,
1048 4179 1086 4240 et
1112 4192 1190 4241 con-

145 4282 361 4352 fabulatione
381 4280 434 4349 vel
460 4282 610 4373 strepitu
630 4305 727 4353 sacra
747 4285 914 4377 mysteria
934 4285 1188 4376 perturbantes,
