2692 4800
471 335 520 386 na
545 335 865 387 arnnmrrouraus.
1118 323 1191 397 299

185 611 262 696 Gap.
278 632 310 692 4.
334 609 502 696 Appellare
516 610 585 674 licat
598 610 690 674 otiam
703 609 738 674 in
753 611 844 674 raetia¹
861 609 1153 696 satrojudieialibus.

196 751 239 820 In
269 750 357 820 aetia
391 748 717 842 extrajudioialibus
746 747 923 840 appellare
953 748 1049 832 licet,
1076 760 1117 820 ut
1146 750 1192 822 ab

145 849 388 949 electionibus,
402 865 711 960 postulationibus,
724 864 992 958 provisionibus,
1011 876 1049 937 et
1066 870 1193 940 ceteris

146 983 358 1076 hujusmodi.
409 982 481 1054 Sed
504 970 728 1075 interponere
754 991 895 1074 oportet
918 982 1192 1076 appellationem

145 1103 236 1173 infra
253 1102 328 1172 dies
345 1101 468 1171 decem
487 1123 509 1170 a
525 1099 662 1181 notitia,
680 1121 750 1190 qua
767 1099 845 1191 quis
864 1100 1000 1193 gravari
1025 1122 1062 1171 se
1088 1101 1194 1172 intel-

146 1217 245 1291 lexit.
298 1217 394 1288 Nam
413 1215 539 1309 elapsis
556 1214 679 1286 decem
698 1214 832 1298 diebus,
850 1238 913 1309 per
932 1216 1024 1286 viam
1039 1217 1194 1310 appella·

146 1333 253 1405 tionis
278 1356 348 1403 non
371 1331 522 1425 amplius
545 1331 731 1403 audietur:
763 1331 825 1401 sed
853 1354 916 1423 per
942 1331 1012 1402 alia
1036 1333 1194 1404 remedia

139 1450 231 1542 juris
257 1459 379 1543 petere
400 1449 543 1542 poterit,
571 1456 612 1517 ut
635 1444 690 1517 in²
717 1448 897 1542 integmrn
922 1450 1130 1521 restituatur
1155 1459 1194 1521 et

145 1573 333 1636 revocetur
347 1586 547 1660 gravamen.

247 1775 325 1862 (lap.
334 1791 366 1862 5.
392 1775 468 1856 Qoae
481 1775 522 1840 ait
536 1773 583 1839 oia
596 1773 815 1860 appellationis
830 1774 1085 1860 aatrajadioiab'a.

197 1912 403 2006 Appellatio
423 1911 708 2005 extrajudicialis,
727 1913 755 1982 si
777 1912 1023 2003 interponatur
1046 1933 1093 1981 ex
1116 1931 1195 2002 pro·

146 2029 322 2101 habilibus
346 2038 385 2100 et
407 2027 652 2099 verisimilibus
678 2028 799 2108 causis,
818 2026 908 2097 adeo
934 2023 1091 2095 devolvit
1113 2047 1196 2094 ean-

146 2168 221 2216 sam
248 2145 292 2216 ad
315 2147 542 2238 superiorem,
564 2155 606 2216 ut
628 2154 729 2216 aotus
750 2153 873 2238 gestus
898 2151 1020 2214 eontra
1045 2164 1124 2211 eam
1148 2142 1195 2211 sit

147 2259 277 2332 nullus.
322 2260 429 2332 Unde
447 2262 475 2332 si
495 2262 573 2353 quis
589 2261 829 2354 appellaverit,
848 2283 894 2329 ne
911 2256 964 2329 in³
980 2258 1195 2351 possessione

147 2378 366 2462 molestetur,
384 2401 466 2449 eum
489 2401 527 2448 se
548 2379 810 2449 molestandum
828 2374 1065 2446 verisimiliter
1082 2375 1194 2467 suspi-

147 2507 258 2580 cetur,
276 2497 306 2567 si
328 2519 373 2567 ea
394 2494 574 2590 spoliatur,
593 2495 793 2565 restituitur
813 2502 897 2564 ante
920 2492 1040 2563 omnia
1061 2492 1098 2562 in
1124 2501 1194 2564 sta·

148 2622 236 2698 tum,
253 2615 291 2683 in
309 2636 380 2705 quo
398 2621 473 2683 erat
490 2621 650 2704 ternpore
667 2611 914 2703 appellationis
931 2611 1076 2681 emissa.

198 2728 242 2800 In
268 2726 527 2821 extrajudioiali
547 2726 785 2821 appellatione
807 2728 835 2798 si
858 2725 1039 2819 appellans
1062 2734 1100 2798 et
1120 2727 1196 2819 ejus

147 2844 365 2914 adversarius
389 2843 544 2914 diversos
570 2841 725 2913 babeant
748 2843 898 2935 judiees,
928 2841 1050 2912 licebit
1076 2840 1197 2934 appel-

148 2959 235 3030 lanti
253 2960 298 3030 ad
316 2982 397 3031 eum
416 2957 637 3058 provocare⁴,
655 2961 716 3052 qui
734 2961 800 3031 sibi
819 2960 942 3030 ordine
959 2959 1141 3050 competit,
1159 2965 1197 3028 et
1208 2978 1265 3037 141

149 3074 264 3147 valida
280 3077 348 3146 erit
365 3077 441 3169 ejus
457 3075 660 3169 appellatio.

176 3283 253 3370 (lap.
266 3285 295 3348 6.
319 3283 490 3367 Injudioio
503 3305 563 3348 non
578 3282 647 3348 licet
661 3283 816 3369 appellare
830 3305 850 3347 a
857 3283 970 3366 saturo
981 3283 1170 3368 pronomine.

199 3422 243 3493 In
254 3422 391 3516 judicio
410 3445 480 3491 non
498 3431 616 3515 potest
633 3422 800 3515 appellari
818 3445 839 3492 a
855 3422 1057 3516 gravamine
1078 3423 1200 3493 futuro

148 3540 257 3612 etiam
278 3538 344 3609 sub
365 3538 589 3622 eonditi0n03
616 3549 656 3608 ut
677 3539 716 3621 si,
735 3561 779 3608 ne
795 3538 1006 3632 gravaveris,
1023 3539 1199 3632 appelles;

149 3654 210 3726 sed
241 3653 350 3725 debet
380 3654 477 3746 prius
507 3656 687 3748 expectari
713 3677 903 3749 gravamen
929 3663 967 3725 et
993 3664 1115 3747 postea
1139 3679 1201 3749 ap·

149 3770 292 3864 pellere.
350 3769 405 3841 Ut
434 3772 529 3841 enim
558 3794 579 3841 n
608 3771 729 3841 futuro
759 3773 963 3865 gravamine
993 3772 1200 3866 appelletur,

150 3886 261 3956 solum
281 3893 383 3957 extra
393 3886 570 3978 judicium
589 3887 806 3958 conceditur.

450 4062 504 4125 ²in
520 4089 572 4126 om.
697 4063 752 4128 ³in
767 4090 820 4127 om.
951 4063 1118 4128 ⁴rovocare.

1146 4304 1254 4496 Ι

195 4065 201 4102 ¹
218 4067 319 4125 causis.
