2692 4800
145 227 194 301 56
556 250 604 300 nu
621 248 839 301 nnunrnuns
1185 251 1213 304 c.
1230 254 1270 324 ιι·

144 402 198 472 vir
220 424 368 472 uxorem
392 402 535 473 interim
558 402 716 472 honestis
746 411 785 471 et
809 399 1104 473 convenientibus
1128 403 1192 475 im·

144 519 262 610 peusis
286 527 474 602 sustentet,
492 518 614 591 habito
639 517 775 588 ratione
801 506 984 612 diguitatis
1010 526 1050 589 et
1074 518 1192 590 condi-

147 635 252 706 tionis
272 633 309 703 in
327 644 480 726 quaest.

371 864 449 951 Gap.
464 881 510 951 15.
533 865 635 928 Pena
641 864 739 950 fulcro
752 865 966 930 demotionis.

197 993 400 1065 Multorum
430 994 594 1065 libidines
620 993 824 1087 hujusmodi
850 996 1026 1088 pruritum
1052 995 1210 1080 habent,

146 1119 188 1181 ut
222 1134 313 1182 nova
346 1111 495 1183 subinde
528 1112 754 1181 matrimonia
786 1121 1048 1197 consectentur,
1080 1123 1119 1185 et
1150 1113 1194 1185 ad

147 1228 260 1297 varias
293 1250 423 1298 uxores
457 1226 620 1298 devolare
657 1229 919 1321 concupiscant.
970 1229 1197 1325 Quapropter

148 1343 253 1415 falsas
279 1345 529 1416 innocentibus
552 1343 746 1415 calumnias
768 1354 907 1416 struent
929 1346 1196 1432 adulteriorum,

148 1471 187 1531 et
213 1461 361 1531 aliorum
391 1461 496 1552 hujus
522 1460 661 1555 generis
688 1462 886 1546 criminum,
912 1463 978 1534 nisi
1006 1462 1198 1535 sceleribus

149 1577 291 1648 illorum
328 1576 580 1671 suppliciorum
620 1578 815 1648 acerbitate
855 1577 963 1649 fuerit
1000 1603 1196 1651 occursum.

151 1691 280 1786 Itaque
313 1695 342 1764 si
370 1696 424 1763 vir
449 1715 596 1764 uxorem
631 1693 795 1764 adulterii
824 1692 880 1765 vel
909 1695 1072 1766 veneficii
1101 1719 1198 1768 ream

151 1810 285 1893 fecerit,
309 1818 347 1881 et
371 1818 452 1902 post
477 1832 583 1881 causa
607 1812 721 1890 cadat,
748 1810 893 1881 dimidia
918 1810 1096 1882 bonorum
1120 1836 1199 1906 pars

151 1926 196 1997 ad
214 1949 364 1998 uxorem
389 1936 598 1998 sevocetur:
633 1950 701 1998 nec
723 1927 761 1996 in
783 1926 853 1997 illis
870 1926 1058 2011 vendendi,
1075 1929 1200 2001 distra-

151 2041 270 2126 hendi,
298 2040 449 2136 legendi,
476 2043 710 2134 permutandi,
741 2042 905 2124 donandi,
932 2040 988 2112 vel
1022 2041 1200 2116 alienandi

152 2181 362 2251 quacunque
386 2159 524 2229 ratione
539 2157 601 2249 jus
625 2155 739 2227 ullum
761 2156 899 2241 babeat,
917 2159 983 2234 nisi
1000 2182 1095 2230 uxor
1110 2161 1148 2232 in
1163 2161 1200 2231 id

152 2275 361 2344 consentiat.
414 2274 463 2343 Et
494 2296 585 2344 uxor
614 2295 660 2343 ex
689 2271 802 2344 altera
829 2283 940 2366 parte,
969 2275 998 2345 si
1033 2277 1201 2348 maritum

153 2388 318 2461 adulterii
332 2410 355 2472 1,
373 2389 542 2471 veneficii,
561 2389 722 2481 capitalis
747 2390 893 2481 injuriae,
911 2389 968 2461 vel
985 2391 1089 2463 maloe
1111 2402 1200 2464 trao-

153 2506 297 2575 tationis
323 2504 565 2597 postulaverit,
583 2515 621 2574 et
647 2505 746 2575 litem
773 2506 926 2587 amittat,
945 2505 1030 2576 dote
1047 2508 1200 2599 primum

154 2631 295 2703 careat3
320 2622 449 2691 deinde
466 2621 611 2690 orbetur
628 2622 724 2690 omni
743 2620 998 2703 emolumento,
1011 2625 1108 2714 quod
1120 2625 1201 2716 jore

155 2759 218 2828 per
246 2738 414 2806 maritum
439 2734 564 2805 debuit
593 2735 637 2804 ad
662 2735 760 2806 illam
785 2738 979 2827 pervenire,
1005 2738 1069 2808 nisi
1098 2742 1201 2810 mari·

156 2861 214 2923 tus
249 2852 299 2923 illi
334 2862 461 2946 sponte
494 2850 646 2921 voluerit
680 2850 813 2943 aliquid
848 2875 1044 2947 aspergere.
1101 2854 1201 2928 Post-

156 2991 254 3040 remo
279 2969 544 3040 matrimonium
571 2967 761 3039 interillos
788 2970 838 3038 ita
862 2977 1000 3040 uteret
1023 2973 1200 3067 integrum

156 3095 393 3156 conservetur.

208 3200 247 3270 Si
277 3224 347 3272 non
378 3201 533 3292 conjunx
564 3202 762 3294 conjugem,
793 3201 854 3270 sed
889 3199 1042 3272 alterum
1072 3227 1121 3276 ex
1150 3207 1202 3277 his

158 3324 308 3386 externa
332 3316 491 3407 quaedam
516 3337 667 3407 persona
689 3337 788 3383 reum
813 3314 931 3397 faciat,
949 3325 986 3387 et
1012 3319 1049 3387 in
1068 3323 1202 3412 judicio

158 3431 394 3513 succubuerit,
413 3430 671 3502 ecclesiasticus
687 3431 800 3521 judex
819 3429 918 3501 illum
941 3433 1114 3507 arbitratu
1143 3462 1203 3509 suo

158 3571 289 3643 magna
312 3559 433 3618 tamen
454 3556 492 3617 et
517 3549 586 3618 acri
613 3567 717 3639 poena
742 3547 856 3629 feriat,
874 3561 912 3618 et
937 3551 1046 3621 etiem
1064 3555 1203 3649 conjugi

159 3666 350 3738 satisfaciat
368 3664 425 3735 cui
443 3665 612 3734 damnum
630 3663 740 3734 dedit.
792 3663 958 3758 Denique
974 3666 1204 3742 calumniato·

160 3805 215 3852 res
233 3782 434 3874 hujusmodi
453 3804 518 3850 nec
536 3781 580 3850 ad
599 3777 794 3850 Ecclesiam
812 3779 972 3866 redeant,
989 3804 1056 3853 nec
1080 3786 1204 3856 admit-

161 3906 283 3965 tantur
299 3899 343 3968 ad
357 3905 587 3975 sacramenta,
601 3897 667 3965 uisi
682 3896 812 3965 famam
826 3897 902 3987 ejus
918 3920 1087 3989 persouae,
1100 3926 1203 3994 quam

161 4012 337 4083 calumnia
353 4021 391 4085 et
412 4013 597 4083 mendacio
613 4012 924 4096 dedecoraverunt,
943 4013 1047 4106 plene
1064 4019 1204 4090 restitu-

568 4245 575 4284 ¹
591 4235 731 4301 adulterii,
746 4236 799 4292 vel.
