2692 4800
147 271 219 338 122
554 286 603 337 nu
625 285 782 338 nncrms.
924 248 929 257 ¹
1200 292 1248 344 cr·

145 445 236 514 natis
252 451 291 514 et
309 442 485 536 legitimis,
503 442 658 514 decimas
674 444 835 514 omniurn
851 464 973 514 rerum
989 464 1039 514 ex
1055 442 1184 537 prelis

144 559 429 652 provenientium
453 558 625 630 ministris
649 569 833 653 seponant,
852 561 927 632 sive
952 556 1183 643 foenumsit1,

144 675 218 745 sive
252 675 372 767 fruges
400 673 663 766 qualescunque
692 697 989 768 quorumcunque
1022 674 1184 759 locorum,

144 791 217 861 sive
229 813 382 873 crocum,
393 791 468 861 sive
486 791 662 875 cannabis,
674 792 748 863 sive
766 791 891 878 linum,
903 793 979 863 sive
995 793 1071 865 sint
1088 792 1194 877 olera„

144 907 201 978 vel
228 907 392 977 arborum
420 906 565 989 fructus,
590 908 647 978 vel
672 907 753 979 aliae
782 909 1027 1001 cujuscunque
1053 902 1197 1003 generis'

145 1046 191 1095 ex
211 1023 331 1095 fundis
348 1022 523 1094 utilitates
543 1033 702 1109 exortae3
728 1046 868 1119 semper
882 1026 980 1098 enim
998 1048 1186 1120 quamcun-

144 1161 215 1230 que
248 1139 425 1209 rationem
458 1148 521 1209 aut
554 1141 796 1212 conditionem
828 1140 886 1211 hae
919 1140 1186 1213 commoditates

145 1255 310 1338 habeant,
337 1255 491 1326 decimas
516 1253 658 1326 earum²
691 1252 954 1328 universarum³
987 1258 1130 1352 integre
1152 1265 1186 1329 ct

145 1371 289 1464 explete
314 1372 417 1442 rebus
440 1394 486 1443 ex
512 1372 595 1465 ipsis
619 1383 815 1466 exemptas,
832 1373 958 1444 eadem
984 1374 1105 1466 specie
1123 1396 1187 1466 qus

145 1489 241 1581 prius
257 1511 304 1559 ex
324 1489 444 1558 fundis
467 1487 734 1582 colligebantur,
752 1490 922 1561 ministris
943 1491 1186 1582 repraesentari

144 1602 271 1695 placet,
298 1605 456 1694 exceptis
483 1604 635 1675 robustis
664 1612 703 1676 et
730 1605 885 1698 proceris
908 1604 1186 1697 arboribusque

96 1720 101 1729 '
145 1721 351 1790 vicesimum
373 1720 417 1788 ad
443 1742 576 1789 annum
599 1717 862 1803 excreverunt⁴,
886 1728 924 1791 et
948 1720 1108 1791 aediliciis
1129 1729 1187 1789 aut

145 1836 351 1907 melioribus
373 1846 562 1907 reservatas
584 1838 781 1929 propositis,
798 1837 843 1906 ad
862 1837 982 1907 focum
1007 1860 1083 1909 non
1107 1859 1187 1930 pra·

146 1962 323 2043 parantur.
377 1952 434 2022 Ex
456 1952 740 2024 molendinorum
764 1954 951 2037 fructibus,
973 1975 1021 2024 ex
1043 1953 1187 2047 cespiti·

147 2066 232 2138 bus⁵
259 2067 400 2150 effossis,
428 2091 474 2138 ex
503 2067 709 2162 lapidicinis,
736 2078 774 2139 et
795 2069 872 2140 aliis
895 2068 1063 2140 omnibus
1090 2070 1187 2161 hujus

145 2185 283 2280 generis
301 2185 624 2278 opportunitatibus
637 2185 787 2256 decimae
804 2194 1016 2257 sevocentur
1031 2187 1079 2257 ad
1091 2186 1187 2256 mini·

146 2311 246 2372 stros.
298 2299 473 2372 Similiter
498 2323 544 2371 ex
569 2303 718 2394 pascuis,
744 2303 801 2372 vel
826 2303 953 2373 ceteris
979 2301 1188 2394 quibuscun-

147 2444 217 2514 que
233 2421 347 2503 terris,
361 2419 508 2489 decimae
525 2419 693 2491 ministris
710 2420 923 2502 eximantur,
940 2419 979 2490 in
996 2444 1087 2513 quas
1102 2422 1187 2514 equi,

141 2537 298 2630 juvenci,
324 2535 440 2619 boves,
466 2545 504 2605 et
526 2535 645 2606 effoeta
666 2558 885 2627 quaecunque
915 2535 1084 2608 animalia
1112 2546 1189 2609 sunt

148 2649 329 2724 immissal.
391 2651 549 2723 Decimae
575 2651 780 2724 deriventur
804 2653 910 2722 etiam
938 2676 986 2724 ex
1012 2654 1190 2726 foecundo·

147 2792 225 2839 rum
243 2766 449 2839 animalium
467 2768 736 2860 quibuscunque
754 2769 898 2839 foetibus
915 2779 978 2839 aut
995 2769 1188 2842 fructibus:

148 2893 186 2957 et
211 2887 247 2954 in
270 2886 337 2955 hoo
363 2907 512 2955 numero
535 2894 631 2969 sunt,
654 2884 809 2978 exempli
826 2907 939 2968 causa,
958 2908 1087 2969 vaccae,
1105 2909 1190 2969 sues,

147 3024 242 3082 oves,
265 3022 375 3091 eque,
400 3001 514 3092 cygni,
540 2998 694 3092 gallinae,
720 3021 870 3082 anseres,
893 2998 1081 3084 columbae,
1097 3001 1191 3072 cuni·

148 3117 229 3199 culi,
259 3116 383 3197 damae,
414 3115 536 3208 pisces,
566 3138 659 3207 apes,
687 3124 725 3186 et
751 3115 821 3186 alia
854 3116 946 3207 paris
980 3116 1191 3188 conditionis

148 3232 321 3304 animalia.
381 3229 532 3302 Fructus
557 3254 603 3303 ex
629 3232 754 3303 iisdem
775 3230 996 3313 animalibus,
1015 3233 1191 3326 butyrum,

148 3372 279 3429 caseus,
311 3348 365 3420 lac
399 3350 661 3420 consideratum
691 3372 755 3420 sua
784 3358 921 3433 natura,
952 3372 1034 3419 cum
1063 3351 1192 3422 necin

148 3466 316 3558 butyrum
349 3489 416 3536 nec
451 3487 592 3536 caseum
623 3466 832 3548 infunditur,
859 3464 948 3548 lana,
975 3463 1079 3549 mel7,
1104 3489 1191 3546 cera,

149 3583 276 3674 quibus
303 3583 447 3675 quidem
482 3604 527 3652 ex
558 3582 731 3652 fructibus
765 3583 945 3661 universis,
976 3604 1048 3652 non
1080 3584 1192 3653 minus

150 3721 256 3790 quam
270 3722 315 3769 ex
328 3699 410 3791 ipsis
428 3698 580 3778 foetibus,
594 3699 750 3768 decimas
768 3697 871 3790 plene
889 3708 927 3768 et
944 3699 1191 3790 particulatim,

149 3813 248 3883 nullo
266 3837 331 3885 nec
349 3814 432 3883 dolo
450 3836 517 3884 nec
538 3815 681 3897 astutia,
700 3814 861 3885 volumus
881 3816 926 3884 ad
952 3816 1191 3886 ministrorum

149 3928 342 4001 utilitatem
360 3930 507 4001 secerni.

200 4046 366 4139 Denique
383 4056 500 4116 totum
512 4047 573 4139 jus
591 4047 808 4118 decimarum
825 4071 871 4120 ex
889 4048 1054 4119 omnibus
1071 4057 1109 4120 et
1126 4049 1190 4119 sin·

194 4213 280 4269 lsint.
364 4218 487 4269 ²eurum
502 4231 555 4268 om.
637 4216 650 4249 ³
664 4213 867 4269 universorum.
940 4209 1152 4271 ⁴excreverint.

273 4304 285 4341 ⁶
299 4309 460 4383 caespitibus
475 4310 653 4367 carbonibus.
756 4310 877 4367 lmissa.
991 4319 1002 4358 ⁷
1018 4312 1071 4368 vel.
