2692 4800
449 340 498 390 ns
515 337 766 390 recrastinari
784 336 991 386 sanonum.
1171 319 1241 386 115

365 665 366 668 Ἴ
476 589 525 654 Do
532 587 756 675 parochiarum
772 587 961 651 limitatione.

245 729 285 800 Si
310 730 441 800 infore
463 727 702 800 ecclesiastico
720 730 764 799 de
787 729 915 799 linibus
936 729 1178 822 parochiarum
1197 730 1244 799 sit

198 847 393 933 contentio,
423 864 468 916 ea'
494 869 558 939 per
583 847 743 939 judicem
777 845 1066 928 ecclesiasticum,
1094 845 1244 916 testibus

198 971 233 1031 et
261 962 342 1032 aliis
375 961 641 1055 probationibus
676 961 853 1056 legitimis,
881 963 1137 1033 terminabitur.
1196 961 1244 1030 Et

199 1101 267 1170 quo
288 1079 405 1174 magis
425 1079 668 1172 parochiarum
694 1078 824 1148 limites
845 1079 1008 1149 omnibus
1029 1101 1168 1170 semper
1191 1079 1244 1146 in-

199 1203 392 1277 notescant,
411 1195 631 1266 decernimus
653 1204 694 1264 ut
714 1193 860 1288 singulis
880 1195 980 1264 annis
1002 1195 1163 1264 minister
1189 1216 1246 1263 ec-

199 1309 323 1392 clesiae,
340 1334 422 1382 cum
443 1311 619 1406 gardianis
643 1319 680 1382 et
703 1310 780 1382 aliis
800 1320 953 1402 quatuor
975 1312 1057 1381 viris
1080 1333 1144 1403 per
1168 1333 1246 1404 gar-

198 1428 321 1499 dianos
342 1429 576 1509 nominandis,
593 1430 630 1498 in
652 1427 875 1498 hebdomada
894 1427 1114 1497 Pentecostis
1132 1436 1243 1497 totam
1255 1433 1297 1503 55

196 1544 400 1637 parochiam
427 1546 654 1627 circumeant,
682 1544 881 1636 limitesque
912 1553 950 1614 et
976 1545 1144 1615 terminos
1170 1567 1247 1636 per·

195 1663 351 1746 videant,
381 1663 638 1754 observantque
672 1671 863 1754 praesentes
898 1663 1060 1754 antiquos
1095 1660 1248 1755 singula-

192 1799 275 1849 rum
297 1778 542 1872 parochiarum
564 1779 660 1859 lines,
678 1779 714 1848 in
739 1778 898 1869 libroque
921 1778 1091 1848 conscribi
1117 1777 1247 1847 faciant

191 1919 307 1988 quem
331 1897 367 1966 in
386 1894 557 1966 Ecclesiae
577 1896 666 1965 cista
687 1904 766 1965 tuto
787 1903 969 1986 reponent.
1022 1893 1122 1964 Etsi
1146 1896 1249 1963 mini-

187 2021 269 2083 ster
290 2012 349 2082 vel
369 2011 459 2082 alius
480 2034 525 2082 ex
547 2011 724 2103 praedictis
749 2010 832 2080 hnic
855 2019 975 2079 nostro
998 2010 1141 2080 decreto
1164 2034 1247 2080 con-

186 2136 325 2199 tumax
348 2135 387 2198 et
408 2128 613 2198 inobediens
634 2149 789 2219 unquam
812 2127 1016 2218 reperiatur,
1033 2126 1246 2219 simulatque

187 2246 241 2315 de
271 2245 444 2337 ejusmodi
479 2243 718 2314 inobedientia
748 2243 917 2313 visitatori
951 2252 1014 2312 aut
1043 2242 1103 2312 alii
1131 2244 1246 2336 judici

187 2363 398 2453 cmcunqae
414 2360 541 2431 idoneo
562 2360 770 2442 constiterit,
788 2359 823 2426 in
843 2357 965 2428 decern
984 2358 1080 2428 libris
1097 2360 1247 2430 mulcta-

189 2476 294 2547 bitur
323 2477 502 2547 communi
536 2475 692 2546 eeclesiae
722 2474 848 2544 scrinio
879 2475 1125 2566 persolvendis.
1179 2475 1247 2546 Ec-

189 2589 447 2686 clesias¹‚.quae
472 2614 535 2685 per
563 2593 743 2662 fmctuum
766 2589 964 2660 exilitatem
990 2591 1157 2661 idoneum
1181 2593 1246 2660 mi-

192 2709 349 2780 nistrum
372 2717 571 2780 sustentare
593 2716 781 2800 nequeant,
799 2729 862 2800 per
886 2705 1043 2777 locorum
1067 2708 1247 2800 episcopos

196 2822 244 2896 de
272 2847 444 2896 consensu
475 2832 702 2917 patronorum
731 2821 849 2912 (salvis
879 2822 980 2891 nobis
1010 2822 1155 2892 decimis
1184 2845 1248 2914 per

194 2939 385 3011 ecclesiam
414 2941 473 3010 cui
503 2939 611 3009 firerit
643 2938 810 3033 adjuncta
838 2938 1021 3007 annuatim
1056 2935 1245 3030 solvendis)

197 3055 424 3128 vicinioribus
454 3053 610 3126 ecclesiis
639 3054 731 3124 uniri
761 3062 799 3123 et
828 3054 968 3123 annecti
996 3053 1244 3145 permittimus.

194 3173 303 3258 Quod
343 3174 371 3245 si
411 3181 579 3266 patronus
614 3170 770 3242 ecclesiae
805 3169 1031 3243 annectenda
1067 3169 1245 3261 praedictae

200 3289 321 3359 unioni
348 3289 546 3359 consentire
570 3285 732 3369 noluerit,
753 3295 893 3356 tantum
919 3286 964 3354 de
990 3307 1053 3354 suo
1079 3286 1246 3376 patrimo-

195 3405 256 3476 nio
281 3405 462 3498 impartiat
491 3403 646 3474 ecclesiae
672 3403 854 3496 indigenti,
883 3410 1055 3493 quantum
1082 3402 1125 3470 ad
1152 3401 1246 3470 suffi-

196 3520 351 3591 cientem
386 3520 677 3591 sustentationem
711 3519 826 3588 idonei
854 3518 1008 3599 rectoris,
1040 3516 1094 3585 vel
1127 3518 1245 3586 vicarii

197 3635 357 3707 sufficere
392 3636 575 3717 videatur;
614 3643 651 3703 et
686 3635 730 3703 ad
765 3634 801 3702 id
836 3656 900 3726 per
934 3632 1000 3701 loci
1032 3631 1245 3701 ordinarium

197 3751 440 3845 compellatur.
494 3749 601 3821 Latas
627 3751 769 3842 insuper
794 3759 831 3819 et
859 3750 1028 3842 spatiosas
1053 3749 1244 3841 parochias,

198 3868 384 3961 inquibus
408 3890 537 3961 magna
561 3865 849 3958 parochianorum
876 3887 954 3957 pars
979 3864 1073 3935 ultra
1094 3875 1246 3957 quatuor

197 3983 360 4054 milliaria
392 3983 438 4053 ab
467 3981 616 4053 ecclesia
650 3980 840 4073 parochiali
875 3980 1004 4050 distare
1039 3981 1243 4063 dinoscitur,

198 4101 304 4171 dividi
334 4109 371 4171 et
401 4100 563 4192 separari·
578 4120 640 4191 per
666 4097 821 4167 locorum
852 4096 1043 4165 ordinarios
1069 4095 1242 4179 volumus,

197 4226 233 4286 ot
263 4219 356 4287 inter
385 4217 539 4286 diversos
564 4223 717 4283 rectores
747 4211 804 4281 vel
831 4211 977 4281 vicarios
1005 4211 1176 4293 distribui,
1203 4219 1244 4280 nt

636 4351 643 4395 ¹
663 4351 806 4409 Ecclesia.

708 4457 761 4525 12
